3175 5084
1259 466 1712 532 —181—

388 650 855 727 Jaoohitarum
909 651 1346 735 Patriarchae,
1406 651 1474 720 in
1530 652 1855 724 Chronico
1905 654 2213 744 Syriaco,
2269 654 2576 747 itemque
2639 666 2643 675 ’

392 768 859 852 Theodoreto,
903 767 972 837 in
1007 769 1355 839 Philotheo
1390 774 1459 838 et
1495 767 1563 837 in
1598 764 1902 839 Historia
1945 770 2431 852 ecclesiastica,
2477 812 2565 822 -

395 883 643 956 eodem
675 881 935 955 «Iacobo
990 892 1057 955 et
1108 881 1520 966 Alexandro,
1566 883 2329 978 Constantinopolitano
2368 887 2569 980 Epis-

396 1020 607 1093 cop0‚
648 998 1030 1082 orantibuS,
1072 996 1276 1070 Arius
1325 997 1922 1092 Constantinopoli
1966 1000 2193 1091 justas
2247 1002 2571 1096 nequitiae

397 1135 545 1188 suae
595 1136 836 1209 poenas
888 1113 1104 1197 dedit,
1164 1113 1423 1186 infelici
1477 1122 1698 1189 morte
1750 1116 2157 1209 correptus?
2212 1118 2570 1204 Quomodo

394 1254 567 1327 ergo
605 1231 756 1305 fieri
791 1233 1014 1326 potuit
1064 1239 1138 1303 ut
1189 1232 1318 1318 vir,
1357 1240 1492 1304 tam
1543 1232 1809 1304 ardenti
1862 1234 2009 1304 zelo
2067 1234 2390 1327 flagrans,
2453 1234 2571 1326 qui

395 1347 715 1429 haeresim
761 1353 831 1419 et
881 1346 1403 1418 haeresiarcham
1454 1345 1627 1419 adeo
1680 1347 2067 1440 propinqua
2119 1347 2252 1418 sibi
2307 1349 2571 1420 viderat

398 1472 494 1549 et,
536 1473 611 1536 ut
646 1464 739 1535 ita
774 1463 1022 1547 dicam,
1064 1463 1379 1535 cominus
1433 1463 1972 1556 impugnaverat,
2014 1463 2133 1556 qui
2185 1485 2395 1557 porro
2448 1486 2574 1557 per

397 1588 608 1652 totam
647 1579 849 1652 vitam
897 1587 1260 1671 utrumque
1315 1578 1642 1671 persequi
1696 1599 1832 1650 non
1887 1578 2180 1663 destitit,
2225 1589 2449 1651 tamen
2486 1601 2571 1651 ne

398 1698 817 1770 levissimam
852 1695 1128 1791 quidem
1181 1695 1578 1766 alterutrius
1634 1695 2077 1779 mentionem,
2120 1696 2189 1764 in
2229 1717 2364 1766 uno
2401 1697 2569 1766 alte·

397 1833 563 1887 rove
596 1812 801 1884 trium
855 1818 923 1884 et
970 1810 1218 1905 viginti
1269 1811 1724 1881 Homiliarum
1775 1811 1957 1893 locO,
2018 1809 2373 1901 injiceret?
2429 1812 2574 1897 Qua

398 1928 674 2001 tandem
712 1926 798 1998 de
833 1946 1065 2009 causa,
1098 1945 1252 1996 curn
1291 1924 1360 1993 in
1399 1924 1548 1995 suis
1587 1924 1872 2017 scriptis
1907 1925 2195 1996 aliorum
2235 1947 2568 2008 errorum,

403 2044 523 2139 qui
561 2065 642 2115 eo
678 2048 987 2134 tempore
1042 2041 1267 2112 minus
1322 2040 1736 2112 formidandi
1788 2048 2007 2124 erant,
2051 2048 2120 2111 et
2155 2043 2566 2126 meminerit,

401 2169 471 2233 et
506 2160 641 2234 vim
684 2154 1083 2251 pestiferam
1136 2158 1578 2250 exstinguere
1632 2166 1919 2228 conatus
1973 2156 2092 2241 sit,
2130 2158 2309 2230 hunc
2361 2180 2570 2230 unum

401 2276 538 2347 alto
577 2273 835 2368 pressit
869 2272 1192 2344 silentio?
1246 2271 1463 2363 Hujus
1514 2271 1775 2342 silentii
1810 2273 2142 2344 rationem
2180 2272 2462 2357 indicet,
2506 2281 2575 2345 et

402 2391 534 2465 erit
582 2389 744 2461 mihi
801 2409 1087 2481 magnus
1140 2387 1414 2481 Apollo,
1454 2387 1869 2481 quicumque
1920 2388 2247 2460 Jacobum
2298 2389 2569 2462 Nisibe-

402 2529 562 2579 num
590 2508 1039 2578 Homiliarum
1070 2512 1419 2597 parentem
1451 2525 1608 2576 esse
1637 2503 2082 2595 pertinaciter
2108 2505 2564 2577 contenderit.

504 2623 804 2696 Tertium
855 2629 1069 2694 restat
1121 2628 1625 2713 argumentum,
1682 2619 2274 2711 quo‚conficiatur
2329 2621 2571 2716 viginti

405 2747 550 2810 tres
602 2739 938 2828 Epi-stolas
996 2737 1068 2806 S.
1124 2735 1381 2807 Jacobo
1442 2735 1778 2807 Nisibeno
1842 2735 2327 2827 abjudicandas
2382 2758 2563 2810 esse.

405 2853 629 2942 Quod,
673 2852 831 2945 quia
866 2873 1006 2923 rem
1064 2851 1314 2923 invicte
1369 2850 1726 2923 adstruere
1781 2851 1984 2923 nobis
2035 2852 2330 2937 videtur,
2370 2855 2573 2946 paulo

264 2970 269 2981 '
403 2969 806 3062 diligentius
870 2987 1213 3060 exponere
1256 2960 1335 3038 'et
1388 2967 1564 3038 tueri
1616 2988 1845 3059 operae
1898 2968 2193 3059 pretium
2249 2969 2400 3040 erit.
2469 2968 2572 3040 Ad

403 3087 553 3158 haec
587 3093 809 3155 autem
847 3080 1251 3154 brevissime
1304 3081 1618 3152 contrahi
1663 3089 1894 3173 potest
1936 3106 1949 3152 :
1998 3083 2071 3153 S.
2111 3082 2408 3154 Jacobus
2435 3083 2574 3174 jam

403 3223 582 3273 anno
621 3196 764 3270 338
802 3196 982 3270 diem
1018 3217 1414 3290 supremum
1451 3197 1660 3281 obiit;
1713 3205 1899 3290 patet
1943 3197 2154 3291 igitur
2201 3198 2263 3269 ei
2299 3201 2577 3273 nonnisi

404 3315 702 3389 absurde
753 3311 1050 3384 adscribi
1093 3314 1477 3397 Tractatus,
1539 3312 1683 3405 qui,
1743 3321 1818 3383 ut
1867 3334 1952 3383 ex
2004 3312 2224 3404 ipsius
2277 3315 2579 3387 auctoris

405 3430 802 3506 testimonio
870 3436 1166 3512 constat,
1242 3427 1439 3501 annis
1510 3412 1784 3502 demum
1853 3427 2021 3516 343,
2094 3427 2235 3521 344
2302 3438 2373 3503 et
2435 3430 2578 3503 345

407 3549 765 3620 maximam
801 3554 1065 3639 partem
1103 3544 1483 3637 conscripti
1520 3546 1820 3616 fuerunt.

507 3665 727 3737 Porro
764 3683 940 3734 anno
979 3659 1122 3732 338
1159 3662 1493 3734 Jacobum
1526 3663 1850 3757 Magnum
1887 3662 1970 3733 ad
2008 3650 2300 3756 superos
2340 3685 2581 3737 evoca·

408 3790 551 3854 tum
588 3799 747 3852 esse
806 3786 1123 3865 testatur,
1172 3778 1244 3849 in
1300 3780 1648 3863 Chronico,
1690 3779 2063 3873 Dionysius
2107 3781 2579 3854 Telmacbren-

410 3902 538 4000 sis,
592 3911 788 4006 cujus
838 3913 985 3985 haec
1035 3919 1198 3985 sunt
1244 3911 1453 3986 verba
1496 3909 1574 4010 (1)
1617 3937 1632 3985 :
1691 3907 2023 4016 <Antio
2094 3906 2339 3993 thola
2418 3919 2582 3984 lua.

413 4049 684 4134 ..ωᾶιε
778 4060 1049 4155 Δορο
1129 4060 1300 4148 μοὶ
1366 4071 1928 4149 &uxama
2002 4073 2269 4172 ΔΜ...»
2345 4079 2583 4139 §.⁶20

488 4290 564 4351 (1)
600 4285 704 4341 cfr.
737 4289 792 4340 B.
821 4290 880 4341 0.
913 4287 954 4352 1,
981 4299 1072 4353 pp.
1103 4288 1163 4339 ¹7
1188 4287 1347 4340 et18.
