3175 5084
1242 493 1692 559 ...333-

371 680 713 774 rosolyma
771 699 936 751 vero
972 678 1258 772 ejusque
1296 679 1455 752 filiae
1492 679 1744 752 decore
1779 679 2004 774 regni,
2048 701 2183 752 non
2221 702 2424 755 secus
2461 705 2545 754 ac

370 797 665 890 pridem,
710 796 1117 868 exornandae
1156 797 1318 868 sint.
1362 825 1398 861 >2
1437 795 1835 868 Istiusmodi
1874 795 2239 890 responsio
2289 798 2542 871 nullius

370 915 574 1006 pretii
621 935 779 987 esse
828 914 994 985 mihi
1044 914 1191 986 visa
1242 923 1375 998 est,
1430 914 1673 1008 sicque
1710 915 1949 1008 excepi
1994 940 2010 986 :
2055 944 2090 979 «
2129 916 2346 1002 Quum
2382 937 2544 1008 pro·

370 1031 725 1121 phetarum
786 1028 1059 1100 oracula
1111 1049 1194 1101 ex
1251 1029 1351 1100 ira
1404 1029 1871 1121 proferuntur,
1933 1030 2156 1101 omnis
2206 1030 2544 1101 sententia

371 1144 538 1215 iram
577 1143 919 1236 exprimit.
967 1144 1101 1216 Cur
1137 1144 1317 1216 enim
1355 1144 1637 1215 dimidia
1692 1168 1851 1238 pars
1907 1146 2101 1228 iram,
2146 1155 2214 1217 et
2264 1145 2544 1217 dimidia

369 1280 531 1349 pars
590 1259 889 1331 favorem
951 1259 1379 1330 enuntiaret?
1422 1287 1458 1323 >2
1523 1260 1608 1329 Et
1672 1260 1895 1332 fassus
1966 1268 2072 1332 est
2131 1261 2410 1332 Judaeus
2470 1261 2541 1331 in

370 1373 570 1446 effato
633 1374 878 1446 minaci
933 1375 1103 1445 nihil
1153 1375 1369 1446 minas
1422 1396 1558 1446 non
1612 1376 1901 1468 spirare,
1962 1375 2128 1447 nihil
2181 1376 2539 1469 pacificum

368 1491 691 1562 nuntiari.
735 1491 933 1562 Unde
987 1491 1079 1562 ita
1123 1492 1319 1585 argui
1363 1516 1377 1561 :
1425 1519 1461 1555 «
1498 1490 1831 1577 Quoniam
1879 1512 2142 1563 mecum
2186 1493 2541 1564 consentis

366 1607 539 1678 nihil
600 1604 959 1700 pacificum
1022 1606 1123 1677 illi
1185 1605 1511 1679 vaticinio
1566 1606 1686 1678 irae
1750 1608 2006 1691 inesse,
2065 1607 2221 1678 audi
2282 1608 2541 1702 absque

366 1723 865 1816 disceptatione
898 1731 966 1793 et
1001 1722 1331 1806 conviti0‚
1367 1723 1685 1816 huncque
1722 1722 1946 1795 locum
1985 1722 2109 1795 tibi
2137 1724 2533 1796 enucleabo.
2622 1818 2627 1823 ι

366 1838 586 1930 Supra
618 1838 937 1910 videlicet
973 1847 1040 1910 et
1077 1838 1251 1908 infra
1288 1846 1607 1910 contexta
1643 1838 1862 1910 oratio
1900 1846 2042 1911 tota
2096 1859 2178 1910 ex
2233 1839 2330 1909 ira
2379 1862 2539 1932 pro·

362 1955 601 2026 fertur.
679 1954 956 2025 Dixerat
1025 1974 1314 2046 namque
1384 1954 1723 2045 propheta
1799 1953 2297 2046 Hierosolymae
2356 1953 2435 2049 (1)
2516 1981 2530 2025 :

375 2072 532 2142 Vivo
568 2089 703 2159 eqo,
737 2070 838 2139 ait
859 2070 1184 2139 Dominus
1210 2071 1414 2151 Deua,
1448 2078 1513 2138 et
1541 2078 1748 2139 testor
1780 2089 1912 2139 non
1945 2072 2160 2159 eqisse
2194 2070 2540 2141 Sodomam

366 2194 431 2255 et
457 2184 645 2271 filias
664 2180 813 2276 ejus
839 2185 1021 2254 sicut
1039 2185 1237 2272 eqisti
1265 2193 1340 2254 tu
1369 2183 1816 2271 cumfiliabus
1844 2186 2006 2255 tuis,
2032 2184 2115 2253 Et
2141 2184 2389 2256 deinde
2408 2182 2480 2282 (a)
2514 2210 2530 2256 ι

363 2301 691 2371 Erubesce
732 2309 798 2370 et
845 2309 1046 2389 porta
1095 2296 1549 2392 confusionem
1589 2311 1807 2383 tuam,
1861 2303 2025 2390 quia
2073 2321 2331 2372 sorores
2379 2313 2538 2373 tua-s·

358 2418 656 2515 peccatis
692 2418 942 2497 vicisti,
978 2419 1271 2505 ipsaeque
1310 2413 1644 2509 justiores
1693 2426 1758 2486 te
1804 2427 2157 2505 apparent.
2205 2417 2535 2502 Quoniam

364 2536 576 2630 igitur
612 2536 868 2606 dictum
898 2541 1004 2606 est
1033 2534 1397 2605 Sodomam
1425 2540 1627 2625 atque
1659 2531 1806 2622 ejus
1836 2531 2010 2602 filias
2044 2531 2535 2626 Hierosolymae

362 2650 701 2743 hujusque
755 2648 1023 2720 filiabus
1067 2648 1401 2740 justiores
1456 2666 1613 2718 esse
1663 2655 1732 2717 et
1784 2646 2327 2739 Hierosolymam
2379 2669 2536 2741 pec·

362 2766 533 2837 catis
580 2766 726 2837 suis
783 2765 1100 2836 Sodomae
1152 2763 1588 2844 antecellere,
1634 2783 1905 2856 aequum
1944 2770 2049 2833 est
2085 2770 2159 2833 ut
2195 2764 2431 2845 Israel,
2473 2766 2534 2836 si

362 2881 634 2974 quando
662 2879 1219 2973 congregabitur,
1248 2878 1563 2950 Sodomae
1581 2885 1649 2948 et
1666 2877 2063 2948 Gomorrhae
2085 2877 2315 2949 sedem
2337 2878 2527 2972 figat;

361 2998 521 3069 vitis
559 2994 737 3067 enirn
774 3016 1003 3066 eorum
1039 2995 1120 3066 de
1155 2996 1290 3064 vite
1322 2993 1617 3064 Sodomoe
1650 2984 1716 3064 et
1766 2993 1848 3063 de
1876 2993 2120 3081 planta
2157 2993 2536 3066 Gomorrhoe

360 3122 507 3195 e3t3
549 3130 698 3181 uvoe
731 3131 962 3181 eoram
997 3109 1252 3179 acerboe
1290 3118 1355 3179 et
1395 3109 1567 3178 botri
1618 3108 2039 3177 amarissimi
2076 3104 2173 3204 (3).
2221 3108 2412 3179 Unde
2466 3118 2534 3181 et

362 3225 574 3296 Isaias
625 3224 969 3297 Israelitas
1031 3232 1230 3295 vocat
1290 3222 1644 3316 principes
1710 3222 2024 3293 Sodomae
2077 3233 2144 3294 et
2204 3226 2530 3315 populum

364 3338 761 3410 Gomorrbae
802 3335 901 3435 (4).
966 3338 1037 3409 Si
1075 3338 1255 3423 enim
1293 3346 1758 3430 congregetur
1795 3337 2027 3420 Israel,
2070 3357 2223 3408 eum
2261 3349 2534 3430 oportet

363 3454 676 3525 Sodomae
705 3463 772 3525 et
799 3453 1222 3536 Gomorrhae‚
1246 3474 1400 3524 cum
1417 3451 1877 3546 principibus,
1902 3451 2529 3545 inquam,Sodomae

360 3578 429 3640 et
486 3569 743 3663 populo
805 3567 1228 3652 Gomorrhae‚
1294 3568 1362 3638 in
1432 3567 1628 3638 vinea
1701 3567 2015 3638 Sodomae
2078 3577 2146 3640 et
2206 3569 2529 3661 plantari·
2626 3557 2637 3568 ’

359 3683 488 3754 bus
550 3683 974 3766 Gomorrhae,
1051 3681 1383 3767 habitare,
1442 3702 1610 3753 uvas
1680 3680 1960 3752 acerbas
2031 3683 2394 3757 comedere
2463 3697 2530 3759 et

359 3798 597 3871 botros
667 3798 1036 3891 decerpere
1099 3797 1593 3882 amarissimOS,
1661 3797 1848 3869 vesci
1911 3798 2106 3890 prole
2170 3799 2523 3884 basilisci,

429 4027 502 4087 (ι)
543 4025 729 4077 ezeeh.
754 4025 883 4087 xv1‚
910 4026 991 4077 48.

426 4109 499 4173 (Ξ)
535 4107 697 4175 mm„
722 4110 850 4173 xvi.
873 4110 958 4163 52.

429 4191 504 4253 (5)
540 4190 829 4243 Deuteron.
854 4193 1055 4255 xxxu,
1078 4191 1161 4245 ³2.

427 4274 499 4334 (4)
538 4274 607 4326 is.
638 4274 679 4336 ι,
708 4274 789 4326 ιο.
