3175 5084
18 2670 36 2715 l
47 2740 48 2743 ,

1499 504 1956 572 -368-

646 708 888 762 omnes
922 689 1202 764 omnino
1255 690 1568 765 homines
1620 693 1968 785 protendi,
2013 717 2096 768 ex
2143 696 2267 777 S&
2312 696 2818 791 Scripturarum

644 803 957 878 doctrina
992 807 1525 882 demonstratur.

1636 1007 1831 1072 XLII.

743 1203 910 1274 Cum
946 1203 1291 1276 voluntate
1343 1203 1468 1275 Dei
1523 1204 1826 1276 salvifica
1864 1206 2235 1279 universali
2274 1227 2410 1278 non
2448 1207 2616 1279 satis
2649 1229 2814 1279 oon-

641 1318 859 1389 eiIIari
910 1339 1123 1412 posse
1176 1319 1447 1392 videtur
1498 1328 1799 1415 systema
1859 1321 1946 1393 de
2006 1321 2490 1414 reprobatione
2543 1332 2810 1395 antece-

641 1434 845 1507 dente
897 1436 1237 1528 negativa,
1297 1457 1520 1529 neque
1573 1446 1875 1531 systema
1924 1439 2011 1510 de
2064 1438 2666 1531 praedestinatione
2720 1441 2803 1511 ad

639 1551 930 1643 gloriam
967 1559 1123 1623 ante
1159 1553 1449 1644 praevisa
1488 1554 1729 1626 merita
1765 1555 2334 1647 supernaturalia.

1608 1830 1834 1898 XLIII.

736 2037 812 2105 ln
848 2036 1069 2129 eapite
1107 2039 1198 2108 IX
1250 2041 1562 2129 Epistolae
1615 2040 1709 2110 ad
1757 2042 2084 2111 Romanos
2137 2060 2366 2112 sermo
2406 2060 2541 2111 non
2581 2045 2685 2109 est
2720 2036 2809 2107 de

632 2150 1241 2242 praedestinatione
1275 2154 1359 2224 ad
1396 2153 1687 2247 gloriam
1718 2162 1875 2224 ante
1909 2155 2203 2246 praevisa
2252 2154 2517 2237 merita,
2563 2152 2685 2225 sed
2717 2150 2805 2222 de

634 2266 929 2360 gratuita
979 2267 1063 2338 ad
1116 2268 1403 2361 gratiam
1457 2269 1919 2362 evangelicam
1972 2269 2356 2343 vocatione.
2410 2268 2540 2339 Hie
2592 2267 2809 2360 igitur

633 2383 829 2455 locus
865 2404 1101 2455 eorum
1137 2384 1445 2477 opinioni
1501 2406 1638 2456 non
1694 2384 2135 2479 suffragatur,
2179 2386 2296 2479 qui
2334 2387 2549 2457 Deum
2586 2381 2806 2454 homi-

633 2518 759 2571 nes
796 2498 1129 2590 quosdam
1159 2499 1241 2570 ad
1270 2507 1595 2571 aeternam
1631 2500 1922 2593 gloriam
1960 2500 2492 2594 praedestinasse
2518 2505 2810 2572 censent

633 2611 913 2685 decreto
950 2614 1290 2698 absolut0,
1333 2615 1641 2707 adeoque
1671 2622 1824 2686 ante
1852 2616 2143 2708 praevisa
2180 2616 2489 2708 ipsorum
2529 2615 2800 2688 merita.

1611 2888 1826 2953 XLIV.

729 3091 947 3160 Docet
999 3089 1071 3160 S.
1129 3090 1456 3171 Joannes‚
1495 3091 1534 3158 I
1566 3091 1782 3182 Epist.
1821 3089 1898 3171 V,
1946 3087 2014 3172 7,
2060 3087 2257 3178 eujus
2313 3087 2447 3160 looi
2486 3086 2805 3181 genuini-

630 3209 838 3276 tatem
882 3202 951 3273 in
991 3209 1141 3274 tuto
1176 3201 1578 3273 collocatam
1623 3201 1972 3294 ponimus,
2015 3201 2082 3272 in
2131 3203 2276 3274 Deo
2319 3202 2528 3273 trium
2565 3221 2806 3294 perso-

632 3339 870 3390 narum
905 3317 1181 3390 realiter
1216 3315 1692 3389 distinctarum
1725 3317 2052 3390 unitatem
2088 3316 2465 3390 seeundum
2503 3316 2802 3389 divinam

634 3433 1031 3518 essentiam,
1075 3453 1197 3504 seu
1235 3431 1636 3526 mysterium
1673 3433 1795 3504 SS.
1840 3432 2220 3505 Trinitatis,

1640 3707 1825 3772 XLV.

731 3908 1071 3980 Nonnulla
1115 3915 1277 3979 sunt
1324 3907 1392 3977 in
1443 3908 1522 3979 V.
1568 3908 1648 3977 T.
1697 3906 1894 3980 libris
1954 3908 2347 3981 testimonia
2396 3909 2646 4003 quibus
2696 3909 2809 3980 in-

632 4012 864 4096 nuitur
924 4022 1045 4095 SS.
1106 4021 1458 4094 Trinitatis
1518 4022 1946 4116 mysterium.
2014 4022 2369 4115 Ejusmodi
2431 4031 2592 4096 sunt
2648 4045 2807 4117 quae

630 4139 842 4212 habes
897 4141 1129 4211 Genea.
1188 4141 1246 4223 Ι,
1290 4136 1384 4208 26
1429 4162 1443 4209 ε
1485 4141 1851 4210 Faciamus
1902 4140 2236 4211 hominem
2288 4141 2379 4213 ad
2428 4141 2802 4231 imaginem

629 4267 696 4330 et
753 4257 1274 4328 similitudinem
1335 4265 1663 4339 nostram,
1729 4256 1891 4329 item
1957 4258 2076 4343 ΙΙΙ,
2137 4255 2229 4326 22
2292 4282 2306 4329 ε
2368 4261 2533 4330 Eece
2580 4257 2807 4329 Adam
