3175 5084
1225 511 1676 577 ...129-

283 773 295 779 ‚
355 693 772 765 monachum
808 693 999 765 illum
1035 694 1507 768 'theodoretus
1550 696 1862 769 inviserit
1914 696 2277 771 admodum
2314 699 2533 773 adhuc

346 806 659 898 juveniS,
699 829 778 879 ac
814 808 1105 901 proinde
1141 830 1281 882 non·
1312 818 1469 883 ante
1503 831 1566 882 a.
1608 807 1792 893 400;
1833 832 2012 884 anno
2057 834 2346 908 namque
2384 812 2526 886 393

358 923 519 1015 ipse
555 932 754 995 natus
790 932 956 997 erat.
1005 953 1042 990 ιι
1077 924 1314 998 Oculis
1351 925 1541 998 illum
1576 927 1934 1020 conspexi,
1977 928 2095 1013 ait,
2136 939 2528 1024 sanctaeque

358 1037 557 1111 illius
610 1039 908 1112 dexterae
958 1041 1506 1114 benedictionem
1558 1043 1866 1137 percepi,
1920 1064 2075 1116 cum
2127 1045 2524 1118 adolescen-

360 1154 555 1225 tulus
588 1153 808 1227 adhuc
842 1163 1123 1228 matrem
1157 1156 1239 1228 ad
1277 1178 1429 1229 eum
1458 1157 1834 1250 profectam
1871 1180 2097 1232 essem
2132 1161 2522 1234 comitatus,

356 1267 591 1361 Atque
639 1269 822 1341 illam
871 1270 1146 1363 quidem
1191 1271 1275 1343 de
1330 1293 1518 1344 more
1564 1283 1795 1365 aperta
1822 1274 2027 1364 janua
2075 1276 2420 1370 colloquio
2460 1286 2529 1350 et

359 1383 849 1459 benedictione
880 1386 1209 1485 dignatus
1229 1396 1375 1471 est;
1413 1409 1518 1459 me
1549 1409 1710 1460 vero
1746 1389 2218 1462 intromissum
2246 1413 2525 1484 precum

359 1522 645 1572 suarum
697 1503 945 1596 opibus
1001 1488 1355 1597 impertiit.
1398 1505 1664 1590 Quibus
1717 1504 1972 1578 utinam
2026 1528 2204 1579 nunc
2254 1529 2529 1601 quoque
2605 1531 2614 1534 ⁴

360 1616 582 1701 fruar,
645 1617 762 1711 qui
824 1619 1051 1691 vivere
1112 1618 1338 1711 ipsum
1399 1618 1649 1703 credo,
1715 1628 1783 1692 et
1841 1621 2239 1714 angelorum
2295 1623 2528 1695 choris

362 1733 736 1818 interesse,
764 1733 1140 1828 majorique
1166 1756 1367 1827 quam
1403 1735 1565 1807 olim
1603 1735 1782 1828 apud
1811 1736 2023 1808 Deum
2061 1737 2310 1809 fiducia
2344 1738 2531 1810 atil»

468 1849 568 1918 Ex
618 1847 997 1921 rationibus
1049 1860 1120 1921 et
1171 1849 1586 1923 testimoniis
1640 1850 1982 1936 adductis,
2042 1854 2426 1944 praesertim
2472 1854 2534 1927 si

356 1962 596 2034 omnia
641 1962 845 2035 simul
889 1963 1438 2048 considerentur,
1483 1965 1916 2037 manifestum
1968 1987 2134 2038 sane
2188 1977 2295 2039 est
2352 1969 2531 2061 apud

355 2077 866 2150 Theodoretum
919 2100 1053 2151 non
1109 2079 1453 2172 Sapientis
1508 2081 1737 2152 Persae
1791 2080 2143 2153 historiam
2197 2085 2524 2170 enarrari,

360 2195 539 2264 nihil
574 2193 866 2286 proinde
900 2215 982 2266 ex
1019 2195 1138 2267 illo
1174 2195 1362 2266 fonte
1400 2194 1654 2266 hauriri
1689 2216 1900 2287 posse
1936 2195 2019 2267 ad
2058 2199 2532 2290 complendam

361 2307 531 2380 vitae
562 2306 927 2401 Aphraatis
963 2309 1348 2394 historiam,
1390 2330 1593 2401 quam
1630 2329 1840 2401 supra
1890 2309 2085 2383 valde
2131 2332 2433 2387 mancam
2471 2324 2542 2386 et

363 2424 865 2517 imperfectam,
906 2438 1112 2519 prout
1145 2424 1413 2497 scilicet
1447 2446 1572 2519 per
1610 2433 2199 2498 monumentorum
2237 2428 2537 2521 inopiam

355 2540 709 2632 simulque
741 2541 1077 2633 temporis
1129 2549 1331 2634 atque
1383 2539 1643 2633 ingenii
1689 2540 2044 2633 angustias
2079 2542 2300 2628 licuit,
2342 2544 2532 2616 exhi-

363 2653 668 2726 buimuS.

2305 4365 2374 4428 11

0 4912 141 4993 *vsa*-
220 4942 253 4993 --
370 4960 381 4969 .
438 4966 469 4989 ,h
658 4966 679 4970 ⁷

0 4972 675 5050 lfflfflmst
720 5000 747 5037 -“
