<?xml version="1.0" encoding="UTF-8"?>
<!DOCTYPE html PUBLIC "-//W3C//DTD XHTML 1.0 Transitional//EN"
    "http://www.w3.org/TR/xhtml1/DTD/xhtml1-transitional.dtd">
<html xmlns="http://www.w3.org/1999/xhtml" xml:lang="en" lang="en">
 <head>
  <title>
</title>
<meta http-equiv="Content-Type" content="text/html;charset=utf-8" />
  <meta name='ocr-system' content='tesseract 3.04.00' />
  <meta name='ocr-capabilities' content='ocr_page ocr_carea ocr_par ocr_line ocrx_word'/>
</head>
<body>
  <div class='ocr_page' id='page_1' title='image "./devitaetscripti00forggoog_0097.png"; bbox 0 0 3175 5084; ppageno 0'>
   <div class='ocr_carea' id='block_1_1' title="bbox 1320 496 1724 561">
    <p class='ocr_par' dir='ltr' id='par_1_1' title="bbox 1320 496 1724 561">
     <span class='ocr_line' id='line_1_1' title="bbox 1320 496 1724 561; baseline 0 -15"><span class='ocrx_word' id='word_1_1' title='bbox 1320 496 1724 561; x_wconf 72' lang='lat'>...75-</span> 
     </span>
    </p>
   </div>
   <div class='ocr_carea' id='block_1_2' title="bbox 413 683 2595 2621">
    <p class='ocr_par' dir='ltr' id='par_1_2' title="bbox 413 683 2595 2621">
     <span class='ocr_line' id='line_1_2' title="bbox 417 683 2589 780; baseline -0.002 -22"><span class='ocrx_word' id='word_1_2' title='bbox 417 709 694 760; x_wconf 89' lang='lat' dir='ltr'>versum</span> <span class='ocrx_word' id='word_1_3' title='bbox 734 693 1086 780; x_wconf 84' lang='lat' dir='ltr'>postremo</span> <span class='ocrx_word' id='word_1_4' title='bbox 1120 686 1496 757; x_wconf 86' lang='lat' dir='ltr'>Romanum</span> <span class='ocrx_word' id='word_1_5' title='bbox 1533 683 1894 777; x_wconf 88' lang='lat' dir='ltr'>imperium</span> <span class='ocrx_word' id='word_1_6' title='bbox 1946 683 2251 756; x_wconf 83' lang='lat' dir='ltr'>funditus</span> <span class='ocrx_word' id='word_1_7' title='bbox 2297 702 2589 754; x_wconf 88' lang='lat' dir='ltr'>concus-</span> 
     </span>
     <span class='ocr_line' id='line_1_3' title="bbox 419 797 2593 895; baseline -0.001 -20"><span class='ocrx_word' id='word_1_8' title='bbox 419 824 572 875; x_wconf 90' lang='lat' dir='ltr'>sum</span> <span class='ocrx_word' id='word_1_9' title='bbox 611 810 680 876; x_wconf 88' lang='lat' dir='ltr'>et</span> <span class='ocrx_word' id='word_1_10' title='bbox 715 812 1013 875; x_wconf 88' lang='lat' dir='ltr'>emotum</span> <span class='ocrx_word' id='word_1_11' title='bbox 1050 809 1183 873; x_wconf 87' lang='lat' dir='ltr'>est.</span> <span class='ocrx_word' id='word_1_12' title='bbox 1226 797 1400 872; x_wconf 89' lang='lat' dir='ltr'>Cum</span> <span class='ocrx_word' id='word_1_13' title='bbox 1438 820 1729 895; x_wconf 87' lang='lat' dir='ltr'>namque</span> <span class='ocrx_word' id='word_1_14' title='bbox 1778 800 2061 894; x_wconf 82' lang='lat' dir='ltr'>profana</span> <span class='ocrx_word' id='word_1_15' title='bbox 2110 800 2261 893; x_wconf 84' lang='lat' dir='ltr'>ipsa</span> <span class='ocrx_word' id='word_1_16' title='bbox 2311 798 2593 872; x_wconf 83' lang='lat' dir='ltr'>Ariano-</span> 
     </span>
     <span class='ocr_line' id='line_1_4' title="bbox 419 914 2594 1010; baseline 0 -21"><span class='ocrx_word' id='word_1_17' title='bbox 419 938 570 990; x_wconf 90' lang='lat' dir='ltr'>rum</span> <span class='ocrx_word' id='word_1_18' title='bbox 633 918 937 1001; x_wconf 76' lang='lat' dir='ltr'>novitaS,</span> <span class='ocrx_word' id='word_1_19' title='bbox 1002 917 1184 990; x_wconf 90' lang='lat' dir='ltr'>velut</span> <span class='ocrx_word' id='word_1_20' title='bbox 1239 917 1545 1010; x_wconf 81' lang='lat' dir='ltr'>quaedam</span> <span class='ocrx_word' id='word_1_21' title='bbox 1610 916 1892 989; x_wconf 79' lang='lat' dir='ltr'>Bellona</span> <span class='ocrx_word' id='word_1_22' title='bbox 1942 923 2055 988; x_wconf 95' lang='lat' dir='ltr'>aut</span> <span class='ocrx_word' id='word_1_23' title='bbox 2106 914 2335 1000; x_wconf 86' lang='lat' dir='ltr'>Furia,</span> <span class='ocrx_word' id='word_1_24' title='bbox 2391 924 2594 1008; x_wconf 88' lang='lat' dir='ltr'>capto</span> 
     </span>
     <span class='ocr_line' id='line_1_5' title="bbox 418 1030 2595 1127; baseline -0.001 -21"><span class='ocrx_word' id='word_1_25' title='bbox 418 1035 613 1127; x_wconf 91' lang='lat' dir='ltr'>prius</span> <span class='ocrx_word' id='word_1_26' title='bbox 684 1033 986 1106; x_wconf 90' lang='lat' dir='ltr'>omnium</span> <span class='ocrx_word' id='word_1_27' title='bbox 1052 1034 1461 1125; x_wconf 79' lang='lat' dir='ltr'>imperatore</span> <span class='ocrx_word' id='word_1_28' title='bbox 1523 1032 1963 1117; x_wconf 79' lang='lat' dir='ltr'>constantie,</span> <span class='ocrx_word' id='word_1_29' title='bbox 2033 1039 2278 1105; x_wconf 88' lang='lat' dir='ltr'>cuncta</span> <span class='ocrx_word' id='word_1_30' title='bbox 2344 1030 2595 1104; x_wconf 89' lang='lat' dir='ltr'>deinde</span> 
     </span>
     <span class='ocr_line' id='line_1_6' title="bbox 417 1147 2591 1243; baseline -0.001 -23"><span class='ocrx_word' id='word_1_31' title='bbox 417 1150 651 1243; x_wconf 89' lang='lat' dir='ltr'>palatii</span> <span class='ocrx_word' id='word_1_32' title='bbox 705 1148 1003 1221; x_wconf 91' lang='lat' dir='ltr'>culmina</span> <span class='ocrx_word' id='word_1_33' title='bbox 1053 1148 1324 1241; x_wconf 82' lang='lat' dir='ltr'>legibus</span> <span class='ocrx_word' id='word_1_34' title='bbox 1377 1147 1575 1220; x_wconf 86' lang='lat' dir='ltr'>novis</span> <span class='ocrx_word' id='word_1_35' title='bbox 1639 1147 2105 1242; x_wconf 76' lang='lat' dir='ltr'>subjugasset,</span> <span class='ocrx_word' id='word_1_36' title='bbox 2165 1166 2591 1239; x_wconf 79' lang='lat' dir='ltr'>nequaquam</span> 
     </span>
     <span class='ocr_line' id='line_1_7' title="bbox 417 1261 2594 1356; baseline -0 -21"><span class='ocrx_word' id='word_1_37' title='bbox 417 1263 750 1356; x_wconf 82' lang='lat' dir='ltr'>deinceps</span> <span class='ocrx_word' id='word_1_38' title='bbox 786 1261 1051 1335; x_wconf 80' lang='lat' dir='ltr'>destitit</span> <span class='ocrx_word' id='word_1_39' title='bbox 1084 1263 1403 1334; x_wconf 89' lang='lat' dir='ltr'>universa</span> <span class='ocrx_word' id='word_1_40' title='bbox 1438 1263 1731 1335; x_wconf 87' lang='lat' dir='ltr'>miscere</span> <span class='ocrx_word' id='word_1_41' title='bbox 1767 1270 1969 1356; x_wconf 88' lang='lat' dir='ltr'>atque</span> <span class='ocrx_word' id='word_1_42' title='bbox 2019 1280 2290 1346; x_wconf 87' lang='lat' dir='ltr'>vexare,</span> <span class='ocrx_word' id='word_1_43' title='bbox 2331 1262 2594 1353; x_wconf 86' lang='lat' dir='ltr'>privata</span> 
     </span>
     <span class='ocr_line' id='line_1_8' title="bbox 417 1376 2591 1470; baseline -0.002 -20"><span class='ocrx_word' id='word_1_44' title='bbox 417 1398 497 1450; x_wconf 88' lang='lat' dir='ltr'>ac</span> <span class='ocrx_word' id='word_1_45' title='bbox 531 1377 831 1468; x_wconf 87' lang='lat' dir='ltr'>publica,</span> <span class='ocrx_word' id='word_1_46' title='bbox 874 1398 1068 1449; x_wconf 89' lang='lat' dir='ltr'>sacra</span> <span class='ocrx_word' id='word_1_47' title='bbox 1101 1376 1519 1470; x_wconf 88' lang='lat' dir='ltr'>profanaque</span> <span class='ocrx_word' id='word_1_48' title='bbox 1553 1379 1806 1461; x_wconf 89' lang='lat' dir='ltr'>omnia,</span> <span class='ocrx_word' id='word_1_49' title='bbox 1848 1377 2108 1448; x_wconf 89' lang='lat' dir='ltr'>nullum</span> <span class='ocrx_word' id='word_1_50' title='bbox 2146 1376 2309 1448; x_wconf 93' lang='lat' dir='ltr'>boni</span> <span class='ocrx_word' id='word_1_51' title='bbox 2345 1384 2413 1449; x_wconf 92' lang='lat' dir='ltr'>et</span> <span class='ocrx_word' id='word_1_52' title='bbox 2446 1378 2591 1449; x_wconf 88' lang='lat' dir='ltr'>veri</span> 
     </span>
     <span class='ocr_line' id='line_1_9' title="bbox 417 1492 2587 1587; baseline -0.001 -23"><span class='ocrx_word' id='word_1_53' title='bbox 417 1512 663 1587; x_wconf 81' lang='lat' dir='ltr'>gerere</span> <span class='ocrx_word' id='word_1_54' title='bbox 698 1492 1094 1575; x_wconf 78' lang='lat' dir='ltr'>discrimen,</span> <span class='ocrx_word' id='word_1_55' title='bbox 1142 1493 1263 1564; x_wconf 89' lang='lat' dir='ltr'>sed</span> <span class='ocrx_word' id='word_1_56' title='bbox 1302 1513 1774 1585; x_wconf 88' lang='lat' dir='ltr'>quoscumque</span> <span class='ocrx_word' id='word_1_57' title='bbox 1809 1492 2242 1565; x_wconf 81' lang='lat' dir='ltr'>collibuisset</span> <span class='ocrx_word' id='word_1_58' title='bbox 2266 1499 2587 1584; x_wconf 84' lang='lat' dir='ltr'>tanquam</span> 
     </span>
     <span class='ocr_line' id='line_1_10' title="bbox 419 1605 2584 1699; baseline 0.001 -22"><span class='ocrx_word' id='word_1_59' title='bbox 419 1605 506 1679; x_wconf 90' lang='lat' dir='ltr'>de</span> <span class='ocrx_word' id='word_1_60' title='bbox 558 1608 713 1679; x_wconf 93' lang='lat' dir='ltr'>loco</span> <span class='ocrx_word' id='word_1_61' title='bbox 766 1606 1122 1699; x_wconf 83' lang='lat' dir='ltr'>superiore</span> <span class='ocrx_word' id='word_1_62' title='bbox 1174 1614 1559 1699; x_wconf 89' lang='lat' dir='ltr'>percutere.</span> <span class='ocrx_word' id='word_1_63' title='bbox 1605 1609 1793 1679; x_wconf 88' lang='lat' dir='ltr'>Tunc</span> <span class='ocrx_word' id='word_1_64' title='bbox 1827 1615 2172 1680; x_wconf 80' lang='lat' dir='ltr'>temeratae</span> <span class='ocrx_word' id='word_1_65' title='bbox 2224 1606 2584 1699; x_wconf 76' lang='lat' dir='ltr'>conjuge8‚</span> 
     </span>
     <span class='ocr_line' id='line_1_11' title="bbox 419 1720 2589 1815; baseline 0.001 -24"><span class='ocrx_word' id='word_1_66' title='bbox 419 1721 851 1815; x_wconf 79' lang='lat' dir='ltr'>depopulatae</span> <span class='ocrx_word' id='word_1_67' title='bbox 898 1720 1147 1803; x_wconf 75' lang='lat' dir='ltr'>viduae,</span> <span class='ocrx_word' id='word_1_68' title='bbox 1189 1721 1560 1812; x_wconf 74' lang='lat' dir='ltr'>profanatae</span> <span class='ocrx_word' id='word_1_69' title='bbox 1610 1721 1947 1815; x_wconf 81' lang='lat' dir='ltr'>virgineS,</span> <span class='ocrx_word' id='word_1_70' title='bbox 2006 1721 2419 1795; x_wconf 88' lang='lat' dir='ltr'>monasteria</span> <span class='ocrx_word' id='word_1_71' title='bbox 2468 1721 2589 1793; x_wconf 89' lang='lat' dir='ltr'>de-</span> 
     </span>
     <span class='ocr_line' id='line_1_12' title="bbox 419 1835 2586 1921; baseline 0.001 -16"><span class='ocrx_word' id='word_1_72' title='bbox 419 1836 679 1918; x_wconf 90' lang='lat' dir='ltr'>molita,</span> <span class='ocrx_word' id='word_1_73' title='bbox 722 1835 1085 1906; x_wconf 88' lang='lat' dir='ltr'>disturbati</span> <span class='ocrx_word' id='word_1_74' title='bbox 1140 1835 1403 1919; x_wconf 88' lang='lat' dir='ltr'>clerici,</span> <span class='ocrx_word' id='word_1_75' title='bbox 1446 1835 1784 1908; x_wconf 88' lang='lat' dir='ltr'>verberati</span> <span class='ocrx_word' id='word_1_76' title='bbox 1837 1838 2088 1921; x_wconf 79' lang='lat' dir='ltr'>levitae,</span> <span class='ocrx_word' id='word_1_77' title='bbox 2138 1837 2271 1910; x_wconf 88' lang='lat' dir='ltr'>acti</span> <span class='ocrx_word' id='word_1_78' title='bbox 2325 1837 2394 1907; x_wconf 91' lang='lat' dir='ltr'>in</span> <span class='ocrx_word' id='word_1_79' title='bbox 2445 1837 2586 1908; x_wconf 86' lang='lat' dir='ltr'>cxi-</span> 
     </span>
     <span class='ocr_line' id='line_1_13' title="bbox 417 1949 2582 2045; baseline 0.001 -24"><span class='ocrx_word' id='word_1_80' title='bbox 417 1949 583 2021; x_wconf 90' lang='lat' dir='ltr'>lium</span> <span class='ocrx_word' id='word_1_81' title='bbox 653 1949 1074 2035; x_wconf 73' lang='lat' dir='ltr'>sacerdoteS,</span> <span class='ocrx_word' id='word_1_82' title='bbox 1144 1949 1420 2042; x_wconf 90' lang='lat' dir='ltr'>oppleta</span> <span class='ocrx_word' id='word_1_83' title='bbox 1487 1950 1766 2023; x_wconf 87' lang='lat' dir='ltr'>sanctis·</span> <span class='ocrx_word' id='word_1_84' title='bbox 1806 1952 2176 2045; x_wconf 81' lang='lat' dir='ltr'>ergastula,</span> <span class='ocrx_word' id='word_1_85' title='bbox 2243 1972 2582 2037; x_wconf 80' lang='lat' dir='ltr'>carceres,</span> 
     </span>
     <span class='ocr_line' id='line_1_14' title="bbox 419 2064 2585 2159; baseline 0.002 -24"><span class='ocrx_word' id='word_1_86' title='bbox 419 2065 691 2136; x_wconf 88' lang='lat' dir='ltr'>metalla</span> <span class='ocrx_word' id='word_1_87' title='bbox 731 2089 746 2135; x_wconf 93' lang='lat'>:</span> <span class='ocrx_word' id='word_1_88' title='bbox 792 2084 1085 2157; x_wconf 90' lang='lat' dir='ltr'>quorum</span> <span class='ocrx_word' id='word_1_89' title='bbox 1121 2085 1281 2157; x_wconf 87' lang='lat' dir='ltr'>pars</span> <span class='ocrx_word' id='word_1_90' title='bbox 1333 2064 1620 2135; x_wconf 87' lang='lat' dir='ltr'>maxima</span> <span class='ocrx_word' id='word_1_91' title='bbox 1667 2064 2053 2138; x_wconf 85' lang='lat' dir='ltr'>interdictis</span> <span class='ocrx_word' id='word_1_92' title='bbox 2099 2065 2386 2138; x_wconf 91' lang='lat' dir='ltr'>urbibus</span> <span class='ocrx_word' id='word_1_93' title='bbox 2426 2088 2585 2159; x_wconf 88' lang='lat' dir='ltr'>pro-</span> 
     </span>
     <span class='ocr_line' id='line_1_15' title="bbox 413 2179 2580 2274; baseline 0.001 -23"><span class='ocrx_word' id='word_1_94' title='bbox 413 2180 588 2252; x_wconf 85' lang='lat' dir='ltr'>trusi</span> <span class='ocrx_word' id='word_1_95' title='bbox 651 2185 853 2273; x_wconf 88' lang='lat' dir='ltr'>atque</span> <span class='ocrx_word' id='word_1_96' title='bbox 912 2185 1246 2261; x_wconf 78' lang='lat' dir='ltr'>extorreS,</span> <span class='ocrx_word' id='word_1_97' title='bbox 1314 2179 1494 2251; x_wconf 89' lang='lat' dir='ltr'>inter</span> <span class='ocrx_word' id='word_1_98' title='bbox 1559 2179 1855 2264; x_wconf 89' lang='lat' dir='ltr'>deserta,</span> <span class='ocrx_word' id='word_1_99' title='bbox 1914 2183 2305 2274; x_wconf 76' lang='lat' dir='ltr'>spelunca5‚</span> <span class='ocrx_word' id='word_1_100' title='bbox 2373 2181 2580 2264; x_wconf 87' lang='lat' dir='ltr'>feras,</span> 
     </span>
     <span class='ocr_line' id='line_1_16' title="bbox 415 2294 2586 2381; baseline 0 -14"><span class='ocrx_word' id='word_1_101' title='bbox 415 2317 602 2380; x_wconf 87' lang='lat' dir='ltr'>saxa,</span> <span class='ocrx_word' id='word_1_102' title='bbox 672 2295 1002 2378; x_wconf 88' lang='lat' dir='ltr'>nuditate,</span> <span class='ocrx_word' id='word_1_103' title='bbox 1070 2294 1272 2376; x_wconf 75' lang='lat' dir='ltr'>same,</span> <span class='ocrx_word' id='word_1_104' title='bbox 1349 2295 1465 2366; x_wconf 89' lang='lat' dir='ltr'>siti</span> <span class='ocrx_word' id='word_1_105' title='bbox 1535 2296 1789 2381; x_wconf 86' lang='lat' dir='ltr'>affecti,</span> <span class='ocrx_word' id='word_1_106' title='bbox 1858 2298 2065 2370; x_wconf 87' lang='lat' dir='ltr'>attriti</span> <span class='ocrx_word' id='word_1_107' title='bbox 2133 2307 2201 2371; x_wconf 90' lang='lat' dir='ltr'>et</span> <span class='ocrx_word' id='word_1_108' title='bbox 2267 2298 2586 2370; x_wconf 83' lang='lat' dir='ltr'>tabefacti</span> 
     </span>
     <span class='ocr_line' id='line_1_17' title="bbox 415 2412 2586 2504; baseline -0.001 -19"><span class='ocrx_word' id='word_1_109' title='bbox 415 2420 601 2485; x_wconf 74' lang='lat' dir='ltr'>sunt.</span> <span class='ocrx_word' id='word_1_110' title='bbox 644 2441 679 2477; x_wconf 88' lang='lat'>»</span> <span class='ocrx_word' id='word_1_111' title='bbox 721 2413 1091 2504; x_wconf 89' lang='lat' dir='ltr'>Hucusque</span> <span class='ocrx_word' id='word_1_112' title='bbox 1127 2412 1552 2484; x_wconf 88' lang='lat' dir='ltr'>Vincentius.</span> <span class='ocrx_word' id='word_1_113' title='bbox 1599 2414 1921 2501; x_wconf 83' lang='lat' dir='ltr'>Quamvis</span> <span class='ocrx_word' id='word_1_114' title='bbox 1974 2423 2196 2485; x_wconf 89' lang='lat' dir='ltr'>autem</span> <span class='ocrx_word' id='word_1_115' title='bbox 2249 2415 2399 2486; x_wconf 90' lang='lat' dir='ltr'>baec</span> <span class='ocrx_word' id='word_1_116' title='bbox 2451 2434 2586 2486; x_wconf 89' lang='lat' dir='ltr'>non</span> 
     </span>
     <span class='ocr_line' id='line_1_18' title="bbox 417 2528 2590 2621; baseline 0 -22"><span class='ocrx_word' id='word_1_117' title='bbox 417 2536 552 2600; x_wconf 89' lang='lat' dir='ltr'>tam</span> <span class='ocrx_word' id='word_1_118' title='bbox 603 2529 687 2599; x_wconf 90' lang='lat' dir='ltr'>ad</span> <span class='ocrx_word' id='word_1_119' title='bbox 744 2529 934 2600; x_wconf 90' lang='lat' dir='ltr'>initia</span> <span class='ocrx_word' id='word_1_120' title='bbox 993 2528 1374 2600; x_wconf 90' lang='lat' dir='ltr'>Constantii</span> <span class='ocrx_word' id='word_1_121' title='bbox 1436 2529 1824 2621; x_wconf 86' lang='lat' dir='ltr'>pertineant</span> <span class='ocrx_word' id='word_1_122' title='bbox 1886 2550 2083 2621; x_wconf 91' lang='lat' dir='ltr'>quam</span> <span class='ocrx_word' id='word_1_123' title='bbox 2136 2528 2219 2601; x_wconf 88' lang='lat' dir='ltr'>ad</span> <span class='ocrx_word' id='word_1_124' title='bbox 2279 2538 2590 2621; x_wconf 86' lang='lat' dir='ltr'>tempora</span> 
     </span>
    </p>
   </div>
   <div class='ocr_carea' id='block_1_3' title="bbox 406 2643 2580 2736">
    <p class='ocr_par' dir='ltr' id='par_1_3' title="bbox 406 2643 2580 2736">
     <span class='ocr_line' id='line_1_19' title="bbox 406 2643 2580 2736; baseline -0.001 -21"><span class='ocrx_word' id='word_1_125' title='bbox 406 2644 825 2736; x_wconf 85' lang='lat' dir='ltr'>posteriora,</span> <span class='ocrx_word' id='word_1_126' title='bbox 868 2644 1120 2735; x_wconf 90' lang='lat' dir='ltr'>quibus</span> <span class='ocrx_word' id='word_1_127' title='bbox 1169 2644 1388 2726; x_wconf 90' lang='lat' dir='ltr'>solus,</span> <span class='ocrx_word' id='word_1_128' title='bbox 1431 2643 1703 2715; x_wconf 88' lang='lat' dir='ltr'>duobus</span> <span class='ocrx_word' id='word_1_129' title='bbox 1753 2644 2079 2717; x_wconf 84' lang='lat' dir='ltr'>fratribus</span> <span class='ocrx_word' id='word_1_130' title='bbox 2124 2644 2262 2716; x_wconf 83' lang='lat' dir='ltr'>fato</span> <span class='ocrx_word' id='word_1_131' title='bbox 2297 2644 2580 2727; x_wconf 85' lang='lat' dir='ltr'>functis,</span> 
     </span>
    </p>
   </div>
   <div class='ocr_carea' id='block_1_4' title="bbox 412 2757 2610 4120">
    <p class='ocr_par' dir='ltr' id='par_1_4' title="bbox 412 2757 2587 3544">
     <span class='ocr_line' id='line_1_20' title="bbox 417 2757 2585 2851; baseline 0 -20"><span class='ocrx_word' id='word_1_132' title='bbox 417 2767 563 2831; x_wconf 89' lang='lat' dir='ltr'>toto</span> <span class='ocrx_word' id='word_1_133' title='bbox 599 2759 860 2850; x_wconf 91' lang='lat' dir='ltr'>potitus</span> <span class='ocrx_word' id='word_1_134' title='bbox 897 2757 1186 2850; x_wconf 84' lang='lat' dir='ltr'>imperio</span> <span class='ocrx_word' id='word_1_135' title='bbox 1223 2766 1355 2840; x_wconf 89' lang='lat' dir='ltr'>est,</span> <span class='ocrx_word' id='word_1_136' title='bbox 1392 2767 1643 2835; x_wconf 85' lang='lat' dir='ltr'>tamen,</span> <span class='ocrx_word' id='word_1_137' title='bbox 1675 2759 1788 2830; x_wconf 87' lang='lat' dir='ltr'>vix</span> <span class='ocrx_word' id='word_1_138' title='bbox 1814 2767 2221 2851; x_wconf 87' lang='lat' dir='ltr'>potestatem</span> <span class='ocrx_word' id='word_1_139' title='bbox 2258 2760 2327 2829; x_wconf 91' lang='lat' dir='ltr'>in</span> <span class='ocrx_word' id='word_1_140' title='bbox 2353 2757 2585 2831; x_wconf 87' lang='lat' dir='ltr'>Asiam</span> 
     </span>
     <span class='ocr_line' id='line_1_21' title="bbox 417 2872 2586 2966; baseline -0 -20"><span class='ocrx_word' id='word_1_141' title='bbox 417 2885 487 2946; x_wconf 80' lang='lat' dir='ltr'>et</span> <span class='ocrx_word' id='word_1_142' title='bbox 555 2875 924 2966; x_wconf 82' lang='lat' dir='ltr'>AEgyptum</span> <span class='ocrx_word' id='word_1_143' title='bbox 993 2894 1119 2965; x_wconf 87' lang='lat' dir='ltr'>per</span> <span class='ocrx_word' id='word_1_144' title='bbox 1189 2879 1472 2943; x_wconf 89' lang='lat' dir='ltr'>mortem</span> <span class='ocrx_word' id='word_1_145' title='bbox 1541 2873 1756 2964; x_wconf 87' lang='lat' dir='ltr'>patris</span> <span class='ocrx_word' id='word_1_146' title='bbox 1817 2872 2132 2966; x_wconf 79' lang='lat' dir='ltr'>adeptuS‚</span> <span class='ocrx_word' id='word_1_147' title='bbox 2197 2872 2586 2945; x_wconf 87' lang='lat' dir='ltr'>Arianismo</span> 
     </span>
     <span class='ocr_line' id='line_1_22' title="bbox 412 2985 2582 3080; baseline 0 -22"><span class='ocrx_word' id='word_1_148' title='bbox 412 2988 604 3071; x_wconf 84' lang='lat' dir='ltr'>favit,</span> <span class='ocrx_word' id='word_1_149' title='bbox 648 2987 1072 3059; x_wconf 87' lang='lat' dir='ltr'>orthodoxos</span> <span class='ocrx_word' id='word_1_150' title='bbox 1126 2986 1193 3056; x_wconf 89' lang='lat' dir='ltr'>in</span> <span class='ocrx_word' id='word_1_151' title='bbox 1248 2985 1566 3057; x_wconf 86' lang='lat' dir='ltr'>omnibus</span> <span class='ocrx_word' id='word_1_152' title='bbox 1620 2985 1904 3056; x_wconf 89' lang='lat' dir='ltr'>ditionis</span> <span class='ocrx_word' id='word_1_153' title='bbox 1957 3007 2101 3058; x_wconf 91' lang='lat' dir='ltr'>suae</span> <span class='ocrx_word' id='word_1_154' title='bbox 2155 2987 2582 3080; x_wconf 80' lang='lat' dir='ltr'>regionibuS,</span> 
     </span>
     <span class='ocr_line' id='line_1_23' title="bbox 415 3102 2585 3196; baseline 0 -21"><span class='ocrx_word' id='word_1_155' title='bbox 415 3125 494 3175; x_wconf 88' lang='lat' dir='ltr'>ac</span> <span class='ocrx_word' id='word_1_156' title='bbox 531 3104 729 3196; x_wconf 90' lang='lat' dir='ltr'>proin</span> <span class='ocrx_word' id='word_1_157' title='bbox 770 3103 970 3175; x_wconf 89' lang='lat' dir='ltr'>etiam</span> <span class='ocrx_word' id='word_1_158' title='bbox 1008 3103 1077 3171; x_wconf 92' lang='lat' dir='ltr'>in</span> <span class='ocrx_word' id='word_1_159' title='bbox 1117 3102 1309 3196; x_wconf 88' lang='lat' dir='ltr'>Syria</span> <span class='ocrx_word' id='word_1_160' title='bbox 1347 3102 1783 3187; x_wconf 87' lang='lat' dir='ltr'>occidentali,</span> <span class='ocrx_word' id='word_1_161' title='bbox 1823 3103 2107 3187; x_wconf 82' lang='lat' dir='ltr'>vexavit,</span> <span class='ocrx_word' id='word_1_162' title='bbox 2149 3112 2351 3195; x_wconf 90' lang='lat' dir='ltr'>atque</span> <span class='ocrx_word' id='word_1_163' title='bbox 2396 3123 2585 3176; x_wconf 90' lang='lat' dir='ltr'>erro-</span> 
     </span>
     <span class='ocr_line' id='line_1_24' title="bbox 416 3218 2585 3312; baseline 0.001 -21"><span class='ocrx_word' id='word_1_164' title='bbox 416 3241 562 3291; x_wconf 89' lang='lat' dir='ltr'>rem</span> <span class='ocrx_word' id='word_1_165' title='bbox 615 3218 825 3291; x_wconf 85' lang='lat' dir='ltr'>variis</span> <span class='ocrx_word' id='word_1_166' title='bbox 876 3218 1238 3291; x_wconf 89' lang='lat' dir='ltr'>celebratis</span> <span class='ocrx_word' id='word_1_167' title='bbox 1289 3218 1575 3312; x_wconf 88' lang='lat' dir='ltr'>synodis</span> <span class='ocrx_word' id='word_1_168' title='bbox 1628 3240 2032 3312; x_wconf 86' lang='lat' dir='ltr'>promovere</span> <span class='ocrx_word' id='word_1_169' title='bbox 2082 3220 2382 3292; x_wconf 84' lang='lat' dir='ltr'>studuit:</span> <span class='ocrx_word' id='word_1_170' title='bbox 2448 3241 2585 3312; x_wconf 93' lang='lat' dir='ltr'>quo</span> 
     </span>
     <span class='ocr_line' id='line_1_25' title="bbox 417 3333 2587 3427; baseline 0.001 -21"><span class='ocrx_word' id='word_1_171' title='bbox 417 3342 711 3427; x_wconf 88' lang='lat' dir='ltr'>spectat,</span> <span class='ocrx_word' id='word_1_172' title='bbox 768 3334 946 3405; x_wconf 89' lang='lat' dir='ltr'>inter</span> <span class='ocrx_word' id='word_1_173' title='bbox 998 3333 1151 3416; x_wconf 86' lang='lat' dir='ltr'>alia,</span> <span class='ocrx_word' id='word_1_174' title='bbox 1195 3334 1561 3405; x_wconf 90' lang='lat' dir='ltr'>concilium</span> <span class='ocrx_word' id='word_1_175' title='bbox 1616 3334 1995 3407; x_wconf 86' lang='lat' dir='ltr'>Antiochiae</span> <span class='ocrx_word' id='word_1_176' title='bbox 2045 3356 2224 3408; x_wconf 88' lang='lat' dir='ltr'>anno</span> <span class='ocrx_word' id='word_1_177' title='bbox 2278 3333 2413 3406; x_wconf 78' lang='lat'>341</span> <span class='ocrx_word' id='word_1_178' title='bbox 2474 3338 2587 3408; x_wconf 87' lang='lat' dir='ltr'>ba·</span> 
     </span>
     <span class='ocr_line' id='line_1_26' title="bbox 416 3444 766 3544; baseline -0.006 -24"><span class='ocrx_word' id='word_1_179' title='bbox 416 3448 633 3520; x_wconf 89' lang='lat' dir='ltr'>bitum</span> <span class='ocrx_word' id='word_1_180' title='bbox 668 3444 766 3544; x_wconf 74' lang='lat'>(1).</span> 
     </span>
    </p>

    <p class='ocr_par' dir='ltr' id='par_1_5' title="bbox 416 3562 2610 4120">
     <span class='ocr_line' id='line_1_27' title="bbox 517 3562 2586 3655; baseline 0.002 -23"><span class='ocrx_word' id='word_1_181' title='bbox 517 3564 644 3632; x_wconf 90' lang='lat' dir='ltr'>Tot</span> <span class='ocrx_word' id='word_1_182' title='bbox 678 3582 757 3633; x_wconf 89' lang='lat' dir='ltr'>ac</span> <span class='ocrx_word' id='word_1_183' title='bbox 793 3570 1130 3633; x_wconf 86' lang='lat' dir='ltr'>tantarum</span> <span class='ocrx_word' id='word_1_184' title='bbox 1166 3562 1515 3633; x_wconf 88' lang='lat' dir='ltr'>turbarum</span> <span class='ocrx_word' id='word_1_185' title='bbox 1550 3562 1659 3635; x_wconf 88' lang='lat' dir='ltr'>vel</span> <span class='ocrx_word' id='word_1_186' title='bbox 1705 3563 2052 3637; x_wconf 78' lang='lat' dir='ltr'>haereseos</span> <span class='ocrx_word' id='word_1_187' title='bbox 2106 3583 2189 3636; x_wconf 86' lang='lat' dir='ltr'>ex</span> <span class='ocrx_word' id='word_1_188' title='bbox 2237 3585 2371 3655; x_wconf 86' lang='lat' dir='ltr'>qua</span> <span class='ocrx_word' id='word_1_189' title='bbox 2414 3573 2586 3637; x_wconf 83' lang='lat' dir='ltr'>ortae</span> 
     </span>
     <span class='ocr_line' id='line_1_28' title="bbox 416 3675 2583 3771; baseline 0.002 -22"><span class='ocrx_word' id='word_1_190' title='bbox 416 3687 607 3749; x_wconf 88' lang='lat' dir='ltr'>erant</span> <span class='ocrx_word' id='word_1_191' title='bbox 668 3679 850 3749; x_wconf 87' lang='lat' dir='ltr'>nulla</span> <span class='ocrx_word' id='word_1_192' title='bbox 900 3679 1076 3769; x_wconf 89' lang='lat' dir='ltr'>apud</span> <span class='ocrx_word' id='word_1_193' title='bbox 1127 3675 1560 3771; x_wconf 88' lang='lat' dir='ltr'>Aphraatem‚</span> <span class='ocrx_word' id='word_1_194' title='bbox 1604 3681 1713 3750; x_wconf 91' lang='lat' dir='ltr'>vel</span> <span class='ocrx_word' id='word_1_195' title='bbox 1746 3679 2116 3764; x_wconf 83' lang='lat' dir='ltr'>levissima,</span> <span class='ocrx_word' id='word_1_196' title='bbox 2161 3680 2414 3753; x_wconf 88' lang='lat' dir='ltr'>mentio</span> <span class='ocrx_word' id='word_1_197' title='bbox 2467 3701 2583 3754; x_wconf 88' lang='lat' dir='ltr'>oc-</span> 
     </span>
     <span class='ocr_line' id='line_1_29' title="bbox 417 3793 2610 3886; baseline 0.002 -21"><span class='ocrx_word' id='word_1_198' title='bbox 417 3795 656 3865; x_wconf 88' lang='lat' dir='ltr'>currit.</span> <span class='ocrx_word' id='word_1_199' title='bbox 702 3794 897 3866; x_wconf 89' lang='lat' dir='ltr'>Unde</span> <span class='ocrx_word' id='word_1_200' title='bbox 935 3793 1170 3864; x_wconf 86' lang='lat' dir='ltr'>inferri</span> <span class='ocrx_word' id='word_1_201' title='bbox 1189 3793 1346 3885; x_wconf 87' lang='lat' dir='ltr'>jure</span> <span class='ocrx_word' id='word_1_202' title='bbox 1373 3814 1582 3886; x_wconf 87' lang='lat' dir='ltr'>posse</span> <span class='ocrx_word' id='word_1_203' title='bbox 1608 3801 1926 3886; x_wconf 88' lang='lat' dir='ltr'>putamus</span> <span class='ocrx_word' id='word_1_204' title='bbox 1955 3815 2109 3866; x_wconf 90' lang='lat' dir='ltr'>eum</span> <span class='ocrx_word' id='word_1_205' title='bbox 2137 3816 2272 3866; x_wconf 91' lang='lat' dir='ltr'>non</span> <span class='ocrx_word' id='word_1_206' title='bbox 2301 3796 2370 3866; x_wconf 91' lang='lat' dir='ltr'>in</span> <span class='ocrx_word' id='word_1_207' title='bbox 2399 3798 2610 3869; x_wconf 76' lang='lat' dir='ltr'>occi·‘</span> 
     </span>
     <span class='ocr_line' id='line_1_30' title="bbox 419 3908 2586 4002; baseline 0.002 -23"><span class='ocrx_word' id='word_1_208' title='bbox 419 3908 669 3980; x_wconf 90' lang='lat' dir='ltr'>dentali</span> <span class='ocrx_word' id='word_1_209' title='bbox 710 3910 939 4001; x_wconf 89' lang='lat' dir='ltr'>aliqua</span> <span class='ocrx_word' id='word_1_210' title='bbox 975 3910 1487 4002; x_wconf 80' lang='lat' dir='ltr'>Mesopotamiae</span> <span class='ocrx_word' id='word_1_211' title='bbox 1522 3918 1741 4002; x_wconf 88' lang='lat' dir='ltr'>parte,</span> <span class='ocrx_word' id='word_1_212' title='bbox 1802 3911 1925 3983; x_wconf 88' lang='lat' dir='ltr'>sed</span> <span class='ocrx_word' id='word_1_213' title='bbox 1974 3910 2304 3984; x_wconf 88' lang='lat' dir='ltr'>orientem</span> <span class='ocrx_word' id='word_1_214' title='bbox 2340 3932 2586 3985; x_wconf 86' lang='lat' dir='ltr'>versus</span> 
     </span>
     <span class='ocr_line' id='line_1_31' title="bbox 418 4024 2581 4120; baseline 0.001 -24"><span class='ocrx_word' id='word_1_215' title='bbox 418 4025 600 4096; x_wconf 87' lang='lat' dir='ltr'>circa</span> <span class='ocrx_word' id='word_1_216' title='bbox 638 4024 951 4098; x_wconf 87' lang='lat' dir='ltr'>Persidis</span> <span class='ocrx_word' id='word_1_217' title='bbox 985 4025 1157 4098; x_wconf 87' lang='lat' dir='ltr'>fines</span> <span class='ocrx_word' id='word_1_218' title='bbox 1193 4026 1398 4098; x_wconf 91' lang='lat' dir='ltr'>vitam</span> <span class='ocrx_word' id='word_1_219' title='bbox 1436 4025 1743 4120; x_wconf 81' lang='lat' dir='ltr'>degisse.</span> <span class='ocrx_word' id='word_1_220' title='bbox 1778 4027 1947 4116; x_wconf 83' lang='lat' dir='ltr'>Quis</span> <span class='ocrx_word' id='word_1_221' title='bbox 1973 4029 2155 4099; x_wconf 90' lang='lat' dir='ltr'>enim</span> <span class='ocrx_word' id='word_1_222' title='bbox 2181 4028 2252 4099; x_wconf 91' lang='lat' dir='ltr'>in</span> <span class='ocrx_word' id='word_1_223' title='bbox 2286 4028 2581 4100; x_wconf 88' lang='lat' dir='ltr'>animum</span> 
     </span>
    </p>
   </div>
   <div class='ocr_carea' id='block_1_5' title="bbox 483 4306 1389 4371">
    <p class='ocr_par' dir='ltr' id='par_1_6' title="bbox 483 4306 1389 4371">
     <span class='ocr_line' id='line_1_32' title="bbox 483 4306 1389 4371; baseline 0.006 -16"><span class='ocrx_word' id='word_1_224' title='bbox 483 4308 557 4368; x_wconf 77' lang='lat' dir='ltr'>(t)</span> <span class='ocrx_word' id='word_1_225' title='bbox 592 4306 695 4358; x_wconf 78' lang='lat' dir='ltr'>cfr.</span> <span class='ocrx_word' id='word_1_226' title='bbox 726 4306 920 4371; x_wconf 67' lang='lat' dir='ltr'>mansi,</span> <span class='ocrx_word' id='word_1_227' title='bbox 946 4311 982 4359; x_wconf 87' lang='lat' dir='ltr'>t.</span> <span class='ocrx_word' id='word_1_228' title='bbox 1014 4309 1078 4371; x_wconf 86' lang='grc'>11,</span> <span class='ocrx_word' id='word_1_229' title='bbox 1106 4308 1209 4361; x_wconf 87' lang='lat' dir='ltr'>col.</span> <span class='ocrx_word' id='word_1_230' title='bbox 1242 4309 1389 4362; x_wconf 73' lang='lat'>¹³06.</span> 
     </span>
    </p>
   </div>
  </div>
 </body>
</html>
