3175 5084
1120 1191 1881 1290 PROOEMIUM.

511 1637 1065 1707 Dissertationem
1128 1636 1212 1706 ad
1271 1635 1805 1728 promerendum
1867 1635 2191 1708 Doctoris
2248 1637 2320 1709 S.
2375 1638 2590 1710 Theo·

398 1767 620 1860 logiae
680 1766 963 1860 gradum
1015 1766 1428 1859 scripturus,
1484 1786 1608 1837 cur
1657 1766 2006 1837 materiam
2053 1767 2381 1861 elegerim
2432 1789 2588 1861 quae

399 1899 640 1991 primo
679 1898 920 1970 saltem
957 1904 1238 1990 aspectu
1288 1917 1443 1969 cum
1494 1918 1568 1969 re
1618 1897 2011 1992 theologica
2063 1919 2199 1970 non
2237 1897 2330 1970 ita
2364 1899 2588 1971 cohae-

404 2051 572 2103 rere
609 2029 938 2116 videatur,
977 2049 1178 2100 nemo
1234 2049 1653 2123 magnopere
1710 2029 2093 2116 mirabitur,
2148 2031 2265 2124 qui
2324 2032 2591 2104 noverit

406 2163 501 2234 ad
551 2161 940 2254 hujusmodi
988 2182 1166 2254 opus
1215 2160 1735 2254 suscipiendum
1790 2161 2144 2234 inductum
2206 2184 2312 2236 me
2373 2163 2590 2236 fuisse

408 2294 714 2375 consilio
750 2293 1050 2365 virorum
1087 2292 1339 2386 quibus
1367 2292 1538 2363 nihil
1567 2313 1704 2364 non
1732 2293 2063 2365 debebam
2101 2294 2580 2381 observantiae.

413 2428 725 2514 Quorum
795 2425 1218 2517 caeteroquin
1288 2423 1595 2495 suasioni
1666 2444 1747 2494 eo
1817 2424 2147 2497 libentius
2215 2426 2591 2499 obsecutus

412 2582 599 2643 sum,
642 2559 853 2652 quod,
894 2578 1303 2651 quamquam
1339 2556 1603 2628 litteras
1640 2557 1955 2650 Syriacas
2008 2558 2283 2631 vixdum
2332 2560 2587 2653 primo-

413 2692 613 2763 ribus
681 2687 892 2761 labris
952 2688 1337 2782 attigeram,
1401 2688 1868 2781 intelligebam
1929 2696 2154 2762 tamen
2214 2711 2296 2762 ex
2357 2712 2588 2763 earum

417 2823 817 2917 cognitione
876 2830 944 2893 et
1004 2821 1189 2893 cultu
1247 2842 1381 2892 non
1454 2842 1691 2913 parum
1761 2821 2199 2894 emolumenti
2264 2825 2593 2896 accedere

417 2941 643 3049 posse*
693 2954 901 3025 variis
963 2952 1355 3045 disciplinis
1412 2954 1655 3036 sacriS,
1714 2953 2053 3046 imprimis
2108 2955 2417 3028 scientiae
2467 2979 2588 3048 pa-

419 3089 709 3161 tristicae
773 3096 841 3159 et
907 3085 1472 3178 scripturisticae,
1550 3107 1678 3157 nec
1747 3086 2039 3179 proinde
2109 3087 2262 3159 illas
2330 3110 2369 3159 a
2439 3110 2590 3160 meo

422 3190 703 3291 munere
738 3218 994 3290 alienas
1042 3216 1454 3309 reputandas
1489 3237 1683 3299 esse;
1741 3216 1875 3288 nisi
1925 3217 2107 3310 quis,
2151 3219 2337 3311 quod
2381 3219 2586 3303 absit,

423 3350 698 3420 Patrum
735 3345 1173 3419 traditionem
1210 3353 1277 3418 et
1312 3317 1722 3438 penitiorem
1759 3345 2052 3439 aliquam
2091 3354 2320 3419 textus
2370 3348 2587 3442 inspi-

422 3479 552 3551 rati
620 3477 1237 3570 perscrutationem
1307 3475 1391 3547 ad
1462 3475 1768 3569 theologi
1830 3484 2062 3569 partes
2132 3478 2320 3551 nullo
2387 3482 2593 3552 modo

423 3609 770 3703 pertinere
806 3607 1222 3680 contendere
1257 3607 1444 3679 velit.
1489 3607 1657 3678 Mihi
1697 3608 1984 3700 insuper
2031 3609 2207 3680 haud
2264 3612 2595 3684 mediocri

422 3743 753 3837 voluptati
783 3749 928 3813 erat
957 3741 1249 3836 vestigia
1275 3761 1617 3834 premere,
1647 3741 1809 3813 licet
1831 3763 1967 3814 non
1997 3743 2322 3835 passibus
2342 3747 2591 3838 aequis,

429 3894 848 3946 summorum
886 3870 1188 3945 virorum
1225 3871 1343 3965 qui
1380 3871 1448 3942 in
1488 3872 1615 3943 hac
1652 3870 1846 3945 Alma
1882 3873 2344 3947 Universitate
2379 3876 2597 3949 Lova-

430 4005 657 4076 niensi
707 4004 954 4076 iisdem
1010 4002 1260 4075 studiis
1306 4004 1416 4076 vel
1470 4002 1767 4076 floruere
1817 4013 2037 4090 antea,
2078 4005 2187 4078 vel
2233 4006 2602 4080 etiamnum

433 4138 703 4211 florent.
759 4139 860 4208 Ex
921 4136 1172 4230 quibus
1235 4136 1412 4209 duos
1472 4138 1760 4210 honoris
1800 4137 1993 4230 juxta
2045 4160 2122 4211 ac
2172 4132 2349 4235 grati
2400 4108 2606 4212 animi
