3175 5084
434 722 812 793 tizabimini
844 721 919 791 in
952 720 1216 811 Spiritu
1251 720 1522 792 Sancto.
1558 719 1643 791 Et
1680 739 1924 813 reapse
1955 713 2032 816 (1)
2064 717 2336 811 quando
2372 695 2604 792 Chris·

436 850 547 911 tus
598 841 953 923 Dominus,
1009 847 1287 929 accepta
1344 857 1526 929 aqua
1581 847 1650 909 et
1704 839 1780 907 in
1831 829 2090 926 pelvim
2143 834 2608 907 ablutionibus

434 956 830 1046 deputatam
862 956 1201 1037 immissa,
1242 953 1651 1044 renibusque
1696 952 1904 1024 linteo
1931 952 2353 1044 praecinctis,
2412 951 2610 1040 coepit

435 1070 672 1142 lavare
722 1069 930 1161 pedes
986 1068 1507 1160 discipulorum,
1565 1068 2070 1159 pervenientem
2129 1066 2222 1137 ad
2274 1066 2612 1137 Simonem

436 1188 718 1282 Petrum
774 1186 887 1256 hic
944 1183 1409 1274 interpellavit
1464 1209 1485 1255 .·
1547 1186 1757 1265 Tune,
1817 1183 2117 1264 Domine,
2167 1182 2370 1278 pedes
2429 1200 2609 1251 meos

436 1300 675 1372 lavas?
726 1301 940 1373 Pedes
990 1320 1170 1371 meos
1218 1319 1573 1390 nunquam
1626 1299 1911 1369 lavabis.
1971 1298 2165 1368 Dioeit
2215 1298 2279 1368 ei
2328 1300 2523 1368 Iesus
2580 1321 2598 1366 .·

438 1415 588 1493 Nisi
652 1428 717 1490 te
783 1420 1035 1500 lavero,
1104 1437 1235 1488 non
1304 1418 1444 1487 eris
1500 1417 1823 1487 bonorum
1883 1435 2183 1485 meorum
2232 1417 2608 1507 particeps.

438 1533 804 1623 Respondit
835 1533 1063 1604 Simon
1104 1557 1124 1603 .-
1163 1534 1259 1604 Ne
1291 1534 1509 1623 iqitur
1536 1532 1743 1623 pedes
1785 1539 2083 1613 tantum,
2125 1531 2430 1612 Domine,
2487 1528 2606 1601 sed

373 1670 381 1676 ·
436 1669 688 1720 manue
735 1650 945 1720 etiam
996 1656 1336 1738 caputque
1379 1648 1646 1717 abluas.
1690 1646 1971 1736 Excepit
2004 1647 2199 1716 Jesue
2241 1671 2260 1715 .·
2303 1647 2434 1730 Qui
2453 1643 2608 1739 jam

439 1762 816 1835 mundatus
879 1772 980 1835 est
1047 1764 1322 1834 nonnisi
1382 1762 1635 1853 pedum
1703 1762 1949 1832 lotione
2022 1760 2304 1850 indiqet.
2388 1763 2607 1845 Tum,

436 1881 720 1972 pedibus
779 1879 1271 1970 discipulorum
1327 1880 1610 1961 ablutis,
1672 1879 2075 1948 vestimenta
2131 1897 2263 1947 sua
2321 1881 2610 1968 accepit,

440 2001 750 2071 recubuit
793 2011 858 2071 et
916 1999 1100 2070 dixit
1140 2023 1160 2071 .·
1199 2001 1298 2070 En
1352 1999 1607 2069 vocatis
1656 2016 1763 2067 me
1811 1998 2221 2086 Maqistrum
2272 2008 2336 2067 et
2390 1996 2583 2067 Domi
2592 2036 2614 2047 -

442 2138 608 2187 num
643 2129 969 2206 vestrum,
1006 2127 1070 2187 et
1109 2117 1272 2187 tal-is
1308 2118 1534 2205 reipsa
1588 2135 1766 2185 sum.
1810 2114 1885 2185 Si
1919 2134 2075 2205 erqo
2110 2134 2256 2205 eqo,
2299 2115 2620 2203 Magister

442 2242 507 2303 et
542 2234 868 2303 Dominus
900 2242 1143 2313 vester,
1177 2231 1381 2324 pedes
1416 2241 1670 2301 vestros
1697 2231 1874 2318 lavo,
1906 2250 2118 2320 quam
2154 2231 2617 2301 necessarium

441 2358 545 2419 eat
579 2358 658 2418 ut
691 2349 869 2419 alter
903 2348 1194 2418 alterius
1223 2346 1426 2437 pedes
1461 2346 1763 2416 abluatis
1782 2347 1811 2415 Ι
1843 2346 2247 2435 Exemplum
2283 2345 2405 2416 hoc
2426 2347 2619 2443 'vobis

443 2466 750 2557 exhibui,
800 2476 878 2536 ut
919 2464 1484 2557 quemadmodum
1527 2466 1637 2556 eyi
1681 2485 1795 2555 eqo
1842 2474 1909 2536 et
1953 2487 2065 2535 vos
2109 2468 2360 2558 aqatiS.
2416 2466 2614 2537 Post-

445 2602 644 2674 quam
681 2590 903 2652 autem
950 2580 1284 2651 Dominus
1341 2581 1503 2652 lotis
1560 2579 1854 2673 pedibus
1908 2602 2171 2663 eorum,
2233 2580 2611 2666 discubuit,

444 2703 586 2766 tum
641 2695 912 2768 demum
975 2696 1077 2766 eis
1147 2695 1443 2788 praebuit
1493 2716 1751 2788 corpus
1806 2716 2004 2768 suum
2059 2705 2127 2767 et
2180 2696 2610 2790 sanguinem,

444 2819 684 2881 contra
719 2831 797 2882 ac
834 2820 1115 2904 egerant
1152 2810 1503 2893 Israelitae,
1545 2810 1664 2904 qui
1721 2811 1997 2882 nonnisi
2050 2820 2213 2904 post
2265 2811 2617 2905 paschatis

444 2924 1033 2997 manducationem
1103 2925 1173 2995 in
1225 2925 1426 3020 ‘nube
1497 2933 1565 2996 et
1638 2926 1704 2996 in
1780 2926 1944 2997 mari
2021 2926 2338 3020 baptizati
2411 2937 2611 3010 sunt,

397 3041 404 3046 ’
444 3040 782 3111 referente
842 3038 1179 3133 Apostolo
1233 3036 1307 3137 (a)
1356 3052 1593 3131 patres
1649 3051 1911 3113 nostros
1971 3063 2199 3114 omnes
2261 3045 2385 3113 sub
2444 3045 2619 3114 nube

426 3224 429 3226 Α
444 3155 682 3250 fuisse,
724 3178 1077 3249 omnesque
1110 3179 1300 3230 mare
1334 3160 1709 3248 traiecisse.
1763 3187 1798 3222 »

606 3446 749 3518 VII.
791 3393 1167 3537 Aptiraatia
1200 3448 1514 3518 doctrina
1548 3447 1634 3520 de
1659 3451 2034 3537 praesentia
2068 3450 2245 3519 reali
2277 3460 2344 3519 et
2377 3450 2459 3520 de

1097 3621 1103 3628 .
1140 3562 1482 3650 sacrificio
1516 3582 1706 3634 novae
1738 3565 1928 3653 Iegis.

548 3764 892 3870 Christum
964 3765 1329 3838 Dominum
1396 3766 1766 3860 speciebus
1847 3767 2328 3841 eucharisticis
2402 3790 2560 3840 vere
2593 3826 2610 3852 ,

448 3880 725 3953 realiter
780 3889 851 3952 et
908 3881 1453 3955 substantialiter
1512 3881 1804 3955 subesse
1867 3881 2132 3976 pluries
2196 3883 2287 3955 ita
2333 3882 2631 3955 affirmat-

449 3995 860 4089 Aphraates‚
928 4005 1004 4070 ut
1064 3998 1174 4070 hic
1235 3998 1437 4070 etiam
1500 4019 1658 4072 sese
1719 4000 2021 4091 praebeat
2082 3998 2614 4072 disertissimum

450 4109 788 4185 doctrinae
821 4112 1180 4187 catholicae
1214 4121 1489 4187 testem.

517 4342 589 4405 (ί)
624 4342 753 4406 Quae
776 4339 863 4408 hic
884 4338 1106 4394 affertur
1131 4340 1391 4407 narratio,
1416 4354 1482 4396 ex
1501 4342 1656 4397 Joan.
1688 4343 1826 4405 ΧΙΙΙ,
1853 4342 1994 4404 6-15,
2022 4341 2307 4409 desumpta
2334 4346 2437 4393 est.

519 4423 592 4487 (Ξ)
631 4425 648 4474 l
676 4424 795 4476 Cor.
825 4424 885 4486 x,
913 4425 961 4479 ί.
