3175 5084
1267 505 1677 569 -51-

389 685 868 779 apprehendit,
927 686 1012 759 ad
1064 686 1218 771 alia,
1278 708 1430 779 quae
1499 687 1583 758 ab
1645 687 1885 760 eodem
1949 695 2229 765 auctore
2296 692 2557 783 prolata

391 802 945 873 commemoravit
980 800 1394 875 Fraternitas
1431 810 1570 887 tua,
1611 803 1987 877 veniamus.

488 914 724 988 Tradit
758 917 1011 1011 itaque,
1055 916 1122 987 in
1160 919 1646 989 Dissertatione
1679 920 1761 990 de
1807 922 2025 1004 acino,
2062 920 2318 994 vixisse
2370 918 2551 994 Noa-

391 1030 591 1102 chum
628 1052 848 1123 usque
885 1031 967 1102 ad
1003 1048 1250 1102 anuum
1288 1029 1455 1102 58⁰³·
1491 1032 1651 1104 vitae
1685 1030 2071 1119 Abrabam,
2115 1036 2184 1107 in
2221 1037 2319 1107 Ur
2351 1034 2551 1108 Chal-

392 1145 695 1216 daeorum
732 1144 975 1233 fuisse,
1018 1146 1251 1239 ibique
1290 1153 1630 1218 mortuum
1673 1167 1832 1219 esse
1864 1156 1933 1220 et
1967 1150 2346 1242 sepultum
2388 1151 2550 1222 item
2647 1136 2662 1146 ⁸

308 1318 321 1323 -
393 1266 682 1331 testatur
750 1261 1022 1332 Semum
1092 1281 1311 1354 usque
1378 1259 1459 1331 ad
1531 1282 1780 1332 aunum
1857 1260 2022 1331 &2³¹⁰
2091 1265 2249 1337 vitae
2315 1266 2554 1338 Jacobi

391 1375 673 1448 vixisse
720 1375 913 1448 Scias
953 1375 1189 1469 igitur,
1232 1397 1273 1447 o
1322 1380 1395 1446 tu
1447 1397 1573 1467 qur
1602 1375 1980 1448 doctrinam
2016 1376 2280 1472 diligis,
2322 1389 2555 1452 aucto·

395 1510 534 1560 rem
597 1491 811 1562 istum
861 1490 1054 1581 juxta
1112 1491 1547 1564 traditionem
1618 1492 1948 1564 librorum
2007 1494 2398 1567 Judaeorum
2450 1491 2552 1592 (1),

397 1625 531 1675 non
585 1613 810 1677 autem
853 1605 1047 1698 juxta
1089 1590 1720 1699 interpretationem
1758 1608 1936 1677 LXX
1972 1628 2193 1702 neque
2220 1608 2411 1699 juxta
2445 1610 2562 1681 Sa·

399 1721 882 1794 maritanorum
913 1723 1373 1807 traditionem,
1411 1745 1570 1796 suas
1607 1745 1844 1796 omnes
1877 1726 2420 1817 computationes
2457 1725 2561 1795 iu·

399 1838 738 1920 stituisse‚
763 1842 1051 1930 proutet
1079 1839 1226 1931 ipse
1255 1839 1449 1931 prius
1487 1838 1858 1932 scripsisti.
1887 1841 1985 1910 Tu
2013 1860 2174 1912 vero
2203 1841 2562 1912 sententiae
2587 1838 2596 1847 ‘

400 1972 551 2044 quae
588 1953 1017 2025 translationi
1056 1954 1234 2023 LXX
1271 1955 1726 2047 Interpretum
1771 1954 2144 2026 conformis
2195 1962 2304 2026 est
2336 1955 2560 2027 adhae-

400 2088 579 2151 reaS‚
599 2067 800 2159 eique
825 2068 1133 2160 praebeas
1154 2089 1540 2151 assensum,
1568 2069 1951 2161 praesertim
1980 2069 2050 2138 in
2087 2069 2562 2162 computandis

400 2183 597 2253 annis
637 2182 1044 2254 Patriarchae
1082 2179 1184 2276 (a),
1220 2183 1538 2275 quoniam
1580 2191 1896 2254 auctores
1933 2183 2032 2252 illi
2069 2184 2323 2256 certius
2360 2205 2559 2276 quam

398 2299 514 2369 alii
553 2297 640 2369 de
674 2299 956 2371 veritate
994 2299 1460 2370 testimouium
1496 2300 1829 2392 praebent.
1874 2297 2210 2370 Admittas
2264 2320 2430 2392 ergo
2476 2300 2560 2370 ab

399 2413 657 2487 Adamo
718 2415 802 2486 ad
869 2414 1196 2486 diluvium
1254 2434 1476 2507 usque
1535 2432 1752 2486 annos
1812 2412 2032 2507 2242,
2076 2455 2172 2469 —-
2206 2436 2245 2486 a
2305 2414 2562 2486 diluvio

399 2552 622 2624 usque
666 2531 749 2602 ad
784 2529 1266 2617 Abrahamum,
1309 2552 1524 2603 annos
1560 2512 1732 2619 943,
1776 2571 1868 2586 --
1904 2530 1990 2602 ab
2032 2529 2290 2603 Adamo
2343 2551 2563 2623 usque

402 2647 482 2717 ad
520 2646 1001 2731 Abrahamum‚
1043 2668 1260 2719 annos
1300 2644 1521 2726 3185,
1553 2687 1649 2698 —
1688 2646 1771 2718 ab
1807 2645 2188 2720 Abrahamo
2225 2667 2444 2740 usque
2480 2646 2563 2716 ad

402 2762 657 2833 exitum
695 2762 969 2834 Israelis
1007 2782 1087 2833 ex
1114 2763 1425 2856 Egypto,
1468 2782 1685 2833 anuos
1736 2762 1905 2847 515,
1949 2803 2042 2815 -—
2079 2761 2164 2834 ab
2223 2762 2403 2834 exitu
2442 2762 2562 2833 illo

401 2897 623 2970 usque
675 2878 758 2947 ad
813 2878 1082 2949 initium
1136 2877 1615 2950 aedificationis
1667 2877 1933 2971 templi,
1991 2899 2209 2950 annos
2259 2875 2432 2960 480,
2493 2886 2567 2948 ut

396 2994 737 3086 scriptum
776 3002 883 3067 est
919 2994 988 3065 in
1025 2995 1201 3066 libro
1239 3016 1505 3089 regum,
1540 3036 1635 3048 -
1662 2995 1746 3066 ab
1774 2994 2054 3067 exordio
2088 2993 2566 3066 aedificationis

401 3108 640 3219 templi
706 3108 926 3182 donec
979 3109 1161 3182 istud
1216 3133 1254 3181 a
1314 3110 1991 3182 Nabuchodonosore
2054 3108 2558 3193 incenderetur,

405 3242 622 3294 annos
658 3222 827 3308 441,
868 3265 960 3278 —
1000 3226 1082 3296 ab
1116 3225 1434 3297 incendio
1472 3224 1708 3318 templi
1745 3246 1959 3317 usque
1995 3224 2077 3296 ad
2116 3224 2381 3295 initium
2411 3244 2566 3295 aerae

407 3337 825 3425 Graecorum,
885 3360 1103 3412 anuos
1156 3339 1324 3412 280.
1381 3341 1638 3413 Omnes
1687 3350 1907 3412 autem
1962 3340 2120 3412 anui
2173 3340 2256 3410 ab
2307 3339 2565 3410 Adamo

478 3581 553 3643 (1)
591 3582 633 3632 1.
664 3592 712 3632 e.
738 3583 916 3633 textus
937 3579 1236 3634 Bibliorum
1259 3580 1637 3634 Messorethioi

474 3695 547 3758 (2)
583 3675 780 3753 uuila}
815 3691 955 3743 mi
997 3694 1324 3748 verbotenus
1350 3700 1435 3748 est
1455 3699 1620 3757 caput
1657 3707 1755 3747 seu
1794 3694 2046 3759 princeps
2086 3697 2328 3759 patrum,
2373 3698 2427 3746 et
2468 3693 2571 3746 hoc

414 3778 632 3830 nomine
656 3778 954 3845 generatim
980 3776 1296 3844 designatur
1320 3778 1637 3842 patriarcha
1666 3777 1864 3843 quivis.
1894 3776 1991 3830 Hic
2014 3782 2196 3830 autem
2229 3758 2356 3821 κατ’
2381 3765 2465 3835 ι’ξο
2444 3788 2570 3837 οχην

414 3859 478 3911 de
504 3861 816 3913 Abrahamo
841 3867 1135 3928 usurpatur
1160 3862 1483 3927 appellatio,
1511 3860 1714 3929 quippe
1738 3860 1830 3926 qui
1856 3859 2065 3926 primus
2090 3872 2119 3911 a
2148 3862 2253 3914 Deo
2271 3865 2495 3913 vocatus
2520 3867 2573 3913 et

414 3942 467 3993 in
494 3948 702 4004 patrem
729 3944 909 4010 gentis
932 3945 1118 3997 electae
1141 3948 1454 4009 assumptus
1481 3942 1599 3996 fuit.
1630 3943 1778 3995 Unde
1815 3942 1987 3996 Judaei
2035 3953 2156 3994 sese
2193 3942 2371 3994 vocari
2409 3943 2572 3994 Abra-

415 4023 555 4074 hami
583 4023 724 4077 tilios
749 4036 965 4091 semper
990 4026 1045 4077 in
1069 4025 1278 4077 deliciis
1304 4025 1630 4089 habueruut,
1657 4037 1937 4092 genusque
1960 4024 2030 4077 ab
2053 4036 2118 4077 eo
2156 4023 2376 4077 ductum
2400 4024 2575 4092 magis

419 4119 574 4171 quam
594 4107 752 4159 aliam
776 4120 1172 4174 quamcumque
1189 4107 1453 4175 originem
1474 4106 1578 4160 sibi
1596 4107 1782 4176 gloriae
1803 4106 2285 4171 tribuebant.Quod
2306 4105 2576 4159 sexcentis

417 4190 474 4241 N.
500 4191 555 4239 T.
583 4188 717 4242 locis
742 4190 1144 4256 comprobatur.
1176 4191 1272 4251 lta,
1299 4203 1350 4242 v.
1383 4202 1458 4256 g.‚
1488 4191 1633 4240 Matt.
1665 4189 1754 4250 111,
1784 4189 1816 4240 9
1844 4205 1856 4241 :
1885 4186 1967 4243 Ne
1992 4187 2169 4240 vetitis
2211 4188 2390 4239 dicere
2427 4188 2576 4239 intra

419 4285 546 4324 vos:
585 4272 804 4326 Patrem
845 4270 1104 4325 habemus
1146 4270 1471 4333 Abraham,·
1497 4298 1558 4310 —-
1582 4273 1738 4325 Joau.
1766 4272 1902 4334 vill,
1942 4272 2009 4325 53
2052 4289 2064 4325 :
2108 4270 2297 4325 semen
2337 4269 2578 4322 Abrahoe
