3175 5084
1230 502 1683 570 ...157-

370 696 634 770 saeculo
671 695 756 770 1v
791 696 1177 782 florentem,
1219 697 1291 768 in
1344 718 1473 771 usu
1515 706 1651 783 est,
1707 697 1776 770 in
1830 696 2337 772 recentioribus
2383 717 2546 771 vero

371 810 578 884 libris
612 811 967 887 rarissime
1002 811 1392 886 adhibetur.
2083 820 2090 825 ’

480 926 572 998 Ut
602 934 825 1000 autem
864 922 1639 1021 accuratius‚'quantum
1688 948 1815 1022 per
1859 927 2251 1002 distantiam
2287 937 2551 1023 tempo·

376 1066 532 1117 rum
566 1050 637 1117 et
668 1054 1262 1119 monumentorum
1315 1045 1617 1141 inopiam
1669 1045 1858 1137 licet,
1899 1054 2166 1121 aetatem
2209 1045 2554 1120 versionis

377 1161 824 1256 indagemus,
897 1160 1232 1233 terminus
1301 1170 1459 1234 ante
1532 1182 1737 1257 quem
1804 1162 2118 1235 confecta
2187 1182 2346 1235 esse
2415 1183 2555 1234 non

377 1285 615 1372 potest
665 1275 826 1349 inde
876 1275 1113 1370 colligi
1164 1275 1461 1362 videtur,
1522 1276 1708 1370 quod
1760 1277 1879 1371 qui
1911 1276 2131 1371 ipsam
2185 1276 2559 1351 elaboravit

382 1392 903 1466 translationem
948 1392 1214 1465 Veteris
1267 1400 1337 1465 et
1386 1393 1563 1466 Novi
1619 1391 2034 1465 Testamenti
2087 1390 2558 1467 Armeniacam

383 1517 804 1603 compertam
833 1506 1094 1593 habuit,
1126 1506 1574 1603 adhibuitque
1612 1509 1681 1579 in
1719 1507 2117 1593 scribendo,
2150 1530 2304 1581 cum
2333 1517 2558 1581 tamen

387 1629 536 1701 haec
574 1625 847 1700 nonnisi
884 1645 1062 1698 anno
1114 1635 1275 1718 post
1327 1625 1488 1698 Chr.
1532 1625 1810 1699 circiter
1847 1620 1992 1695 432
2030 1625 2116 1697 ad
2155 1624 2560 1719 interpreta-

385 1742 645 1816 tionem
683 1741 988 1815 Graecam
1020 1749 1291 1812 exarata
1324 1740 1438 1813 sit.
1483 1742 1636 1813 Non
1676 1741 1900 1814 solum
1938 1740 2214 1813 nomina
2246 1740 2556 1834 propria,

389 1880 546 1953 quae
603 1858 873 1930 diverse
943 1856 1014 1927 in
1085 1855 1384 1929 diversis
1451 1855 1888 1929 documentis
1953 1855 2376 1941 scribuntur,
2443 1855 2564 1939 ,hic

390 1972 687 2046 similem
723 1981 926 2066 atque
962 1972 1032 2043 in
1068 1971 1314 2043 Bibliis
1342 1971 1772 2045 Armeniacis
1807 1971 2092 2045 formam
2126 1971 2567 2044 adsciverunt

392 2099 465 2163 et
524 2087 606 2160 ad
667 2086 1081 2180 exemplaria
1142 2070 1769 2180 Graeca'expressa
1829 2095 2015 2171 sunt,
2078 2108 2315 2161 verum
2365 2087 2567 2159 etiam

392 2206 532 2281 loci
567 2204 843 2302 quidam
899 2224 984 2278 ex
1043 2225 1243 2277 sacro
1295 2203 1642 2276 volumine
1693 2202 2084 2298 deprompti
2118 2212 2352 2299 aperte
2377 2205 2569 2296 juxta

393 2320 677 2395 eosdem
738 2320 966 2392 fontes
1025 2318 1261 2391 mutati
1321 2318 1539 2390 fuere.
1611 2318 1810 2405 Quod
1880 2329 1955 2391 ut
2027 2319 2562 2404 demonstretur,

398 2437 538 2509 duo
573 2437 884 2530 exempla
918 2433 1287 2507 sufficiant.
1332 2435 1589 2507 Locum
1627 2454 1710 2505 ex
1748 2435 2064 2507 Gencaeos
2125 2455 2274 2528 cap.
2320 2432 2563 2519 XLIX,

395 2593 509 2645 vv,
542 2569 586 2640 3
623 2577 692 2642 et
721 2566 797 2653 4,
830 2569 914 2640 ab
950 2566 1314 2661 Aphraatc,
1357 2587 1518 2661 pag.
1562 2588 1731 2654 ..ι-ο,
1769 2569 2131 2664 allegatum
2170 2570 2564 2653 translator,

397 2695 485 2766 ab
519 2694 892 2788 archetypo
927 2691 1205 2764 omnino
1241 2691 1638 2777 discedens,
1699 2694 1902 2765 talem
1956 2692 2180 2766 attulit
2230 2693 2454 2787 qualis
2502 2694 2569 2765 in

398 2827 718 2903 versione
752 2824 1154 2901 Armeniaca
1188 2823 1476 2916 legitur3
1518 2846 1673 2898 nam
1710 2847 1838 2919 pro
1892 2831 2257 2892 ...ε-,σοι
2311 2835 2571 2911 ..ι-,5,

391 2956 818 3047 principium
850 2951 1105 3023 roboris
1140 2951 1297 3032 mei,
1340 2949 1526 3042 quod
1561 2949 1854 3042 Sapiens
1908 2951 2145 3034 Persa,
2187 2971 2343 3022 cum
2384 2957 2574 3024 textu

402 3078 819 3173 primigenio
887 3074 1060 3175 (⁸35⁸
1123 3061 1393 3173 Ντρκῇ)
1466 3081 1536 3145 et
1596 3064 1969 3167 interprete
2040 3077 2213 3170 Syro
2274 3092 2573 3149 consen-

405 3202 616 3286 tiens,
672 3209 1021 3296 posuerat,
1085 3201 1236 3295 ipse
1290 3198 1585 3271 incisum
1642 3198 2025 3284 substituit,
2081 3198 2267 3292 quod
2319 3198 2575 3272 Graecae

407 3321 588 3391 LXX
646 3320 925 3392 lectioni
980 3342 997 3392 ε
1055 3326 1215 3416 ἀρχὴ
1271 3332 1384 3386 τῶν
1447 3325 1662 3386 τέκνων
1721 3327 1851 3409 μου,
1915 3317 2087 3389 adeo
2138 3316 2445 3390 concinit
2503 3324 2579 3389 ut

405 3437 690 3510 verbum
724 3434 937 3508 verbo
973 3434 1238 3531 reddat.
1288 3431 1597 3505 Alterum
1649 3432 2145 3517 testimonium,
2187 3452 2271 3505 ex
2319 3432 2346 3501 1
2410 3431 2570 3504 Cor.

407 3536 554 3637 XV,
596 3550 852 3636 13-15,
886 3550 1164 3622 citatum
1193 3543 1295 3645 (ι),
1328 3547 1698 3620 translator
1725 3544 1801 3644 (a)
1830 3569 2039 3641 quum
2077 3548 2145 3617 in
2181 3540 2577 3620 universum

409 3667 714 3740 versioni
749 3665 924 3738 Novi
977 3662 1394 3737 Testamenti
1444 3661 1868 3735 Armeniacae
1918 3662 2141 3757 magis
2193 3681 2576 3734 accommo-

415 3799 626 3883 davit,
665 3805 809 3871 tum
840 3806 1001 3891 post
1035 3797 1241 3870 verba
1273 3783 1476 3870 >aa-ol
1506 3787 1550 3873 ll
1574 3818 1687 3900 ρ,
1727 3794 1793 3865 in
1848 3815 2001 3889 quae
2054 3794 2234 3886 apud
2279 3793 2580 3885 Aphraa·

415 3928 582 4006 tem,
625 3922 806 3994 sicut
847 3929 917 3994 et
966 3920 1036 4013 in
1089 3919 1511 4003 Peschittha,
1566 3917 2265 4010 sententiaexplicit,
2319 3915 2582 3988 addidit

0 4096 7 4337 Ι
485 4208 558 4270 (1)
591 4208 688 4272 Ap.
714 4205 970 4274 Wright„
1011 4221 1064 4275 p.
1100 4204 1216 4278 μιν
1252 4234 1267 4250 ·

486 4307 560 4370 (2)
595 4310 690 4373 Ap.
717 4306 1081 4371 Antonellum,
1109 4320 1162 4372 p.
1190 4307 1306 4361 255.

0 4806 25 5050 k
78 4972 347 5049 ..aasz
322 4964 465 5049 2321.
498 5010 527 5023 .-
