3175 5084
1245 453 1701 518 -177-

378 637 662 709 nonnisi
725 658 808 711 ex
870 636 1291 732 scriptorum
1363 638 1823 734 antiquiorum
1897 640 2243 723 relatione⁴
2299 639 2414 713 dut
2472 660 2555 712 ex

379 752 837 863 translatione
887 751 1291 827 Armeniaca
1326 763 1856 850 cognoscerent.

493 870 678 942 Inter
717 869 876 942 illos
912 875 1130 943 testes
1176 890 1310 942 non
1360 871 1881 944 contemnendae
1924 869 2377 954 auctoritatis,
2437 868 2557 962 qui

386 983 474 1054 ad
525 984 746 1058 varias
800 984 1344 1058 Christianorum
1403 987 1621 1082 Syriae
1689 995 1919 1062 sectas
1980 987 2355 1081 pertinent,
2429 985 2556 1055 im-

387 1099 634 1192 primis
684 1101 1139 1174 nominandus
1200 1109 1309 1174 est
1360 1101 1729 1196 Georgius,
1790 1103 2178 1197 Episcopus
2227 1099 2552 1173 Arabum.

392 1214 526 1301 Qui
575 1236 711 1287 non
760 1215 1405 1310 quomodocumque
1450 1224 1710 1289 tantum
1754 1217 2030 1300 asserit,
2071 1217 2405 1308 Epistolas
2438 1235 2561 1287 seu

374 1330 719 1423 θΗοηιὶἱίιιε
769 1338 912 1403 tres
963 1337 1032 1404 et
1092 1331 1338 1425 viginti
1390 1353 1428 1403 a
1481 1332 1806 1426 Sapiente
1863 1334 2071 1404 Persa
2131 1330 2564 1423 conscriptas

392 1464 579 1530 esse,
618 1468 872 1520 verum.
905 1446 993 1518 de
1048 1445 1161 1528 iis,
1220 1446 1305 1518 de
1376 1446 1681 1541 ipsarum
1748 1454 2066 1531 auctore,
2126 1446 2212 1518 de
2265 1445 2565 1519 diversis

392 1561 819 1653 temporibus
855 1561 1108 1656 quibus
1143 1569 1433 1634 exaratas
1467 1563 1750 1647 fuerint,
1785 1562 2057 1634 demum
2093 1562 2179 1634 de
2215 1560 2565 1633 nonnullis

394 1675 728 1749 doctrinae
795 1677 1138 1770 capitibus
1200 1677 1367 1749 inibi
1430 1680 1954 1751 occurrentibus
2014 1677 2165 1751 fuse
2230 1677 2571 1772 docteque

395 1791 729 1885 disputat.
771 1794 1016 1866 Plures
1053 1793 1255 1877 etiam
1291 1815 1374 1867 ex
1412 1794 1551 1867 illis
1595 1795 2210 1879 lucubrationibuS,
2250 1793 2573 1866 videlicet

394 1911 918 1982 Dissertationes
967 1911 1051 1981 de
1101 1912 1475 1995 monachis,
1533 1912 1618 1982 de
1668 1915 2087 1984 contentione
2136 1922 2203 1982 et
2265 1911 2571 1982 dissidiis

396 2022 582 2122 (alias
616 2025 1196 2119 deprecatoriam),
1235 2029 1319 2100 de
1351 2038 1563 2100 morte
1597 2040 1665 2100 et
1700 2031 2110 2121 temporibus
2156 2029 2567 2109 novissimis,

397 2141 482 2212 de
542 2144 760 2225 acino,
823 2143 907 2214 de
966 2144 1328 2225 charitate,
1368 2143 1769 2215 nominatim
1822 2144 2144 2237 appellat,
2204 2161 2573 2234 earumque

399 2264 722 2350 excerpta
757 2278 893 2329 non
930 2277 1143 2350 pauca
1180 2258 1584 2330 fidelissime
1623 2259 2035 2351 transcripta
2069 2257 2367 2330 exhibet.

500 2372 828 2444 Eumdem
904 2392 1115 2465 porro
1187 2374 1640 2444 Homiliarum
1708 2382 2060 2466 parentem
2134 2373 2320 2445 novit
2385 2369 2569 2456 Elias

400 2487 818 2571 Barsinaeus,
878 2487 996 2581 qui
1055 2487 1123 2559 in
1183 2508 1307 2559 sua
1343 2489 1896 2581 chronographia
1933 2496 2250 2561 recenset
2285 2515 2321 2552 c<
2356 2507 2574 2558 annos

401 2601 647 2674 domus
720 2601 987 2686 Adami‚
1038 2600 1230 2692 juxta
1284 2603 1694 2675 sententiam
1755 2602 2148 2696 Aphraatis,
2224 2601 2570 2695 Sapientis

403 2718 661 2791 Persae.
703 2746 739 2782 »

503 2831 861 2906 Consentit
896 2831 1272 2926 Gregorius
1334 2831 1922 2930 Barhebraeus(1),
1975 2834 2135 2905 dum
2189 2842 2257 2904 et
2308 2853 2571 2906 sermo-

404 2970 557 3020 nem
592 2949 755 3021 sacit
790 2948 875 3020 de
904 2977 941 3013 «
969 2948 1290 3042 Sapiente
1328 2949 1563 3033 Persa,
1587 2948 1704 3042 qui
1748 2957 1854 3021 est
1882 2957 2121 3021 auctor
2149 2948 2573 3021 orthodoxus

401 3064 560 3136 libri
586 3067 1183 3150 Dissertationum,
1218 3092 1253 3128 »
1285 3072 1354 3136 et
1378 3054 1777 3137 distinctius
1813 3064 2034 3137 adhuc
2055 3064 2216 3136 alibi
2252 3063 2565 3148 affirmat,

401 3183 631 3275 Papae,
695 3181 1023 3275 Episcopi
1088 3181 1447 3263 Seleuciae,
1522 3190 1833 3274 tempore
1906 3211 1940 3247 «
1991 3181 2376 3253 innotuisse
2447 3181 2567 3253 Sa·

401 3297 704 3391 pientem
734 3298 1037 3380 Persam,
1071 3297 1346 3369 nomine
1377 3296 1823 3384 Pharhadem‚
1851 3296 1968 3391 qui
1994 3298 2257 3391 syriace
2286 3295 2571 3387 scripsit

401 3415 682 3484 Librum
708 3414 1199 3503 paraeneticum
1235 3420 1304 3483 et
1335 3413 1670 3501 Epistolas
1704 3412 1948 3506 viginti
1986 3412 2183 3495 duas,
2225 3409 2568 3503 alphabeti

401 3529 645 3600 ordine
680 3528 1016 3622 digestas.
1053 3555 1090 3593 ι)
1230 3610 1235 3615 ψ

505 3645 648 3716 Nec
678 3643 904 3716 minus
938 3652 1174 3737 aperte
1209 3643 1599 3715 Ebed·Jesu
1637 3641 1969 3715 Sobensis
2004 3665 2016 3712 :
2055 3670 2091 3706 «
2120 3641 2569 3714 Beatissimus

404 3759 806 3852 Aphraates,
867 3760 1158 3854 Sapiens
1207 3760 1322 3830 ille
1379 3760 1613 3842 Persa,
1682 3758 1857 3831 duos
1905 3758 2292 3849 composuit
2342 3766 2569 3829 tomos

405 3896 560 3947 cum
598 3875 1044 3947 Sermonibus
1080 3874 1321 3947 ordine
1357 3873 1787 3968 alphabetico
1824 3872 2211 3967 dispositis
2255 3901 2291 3937 »

506 3991 603 4063 De
641 3990 727 4061 iis
762 3998 985 4063 autem
1021 4011 1176 4082 quae
1204 3989 1271 4059 in
1310 3988 1577 4061 duobus
1614 3987 2119 4082 posterioribus
2154 3987 2570 4059 testimoniis

473 4253 544 4314 (¹)
580 4251 781 4306 chron.
809 4253 992 4306 eccles.
1023 4253 1064 4318 1,
1086 4251 1193 4306 col.
1217 4255 1303 4317 85,
1327 4253 1422 4315 863
1453 4253 1517 4316 ll,
1544 4253 1612 4304 33
1635 4257 1689 4305 et
1711 4253 1796 4303 54.
2331 4330 2406 4396 14

134 4978 149 4999 Ι

4 4814 459 5041 tuda-affixa
506 5036 507 5039 ,
