3175 5084
1030 1136 1355 1232 PARS
1430 1136 1862 1232 PRIMA.

921 1436 1027 1495 De
1061 1434 1225 1492 vita.
1264 1432 1641 1505 sapientis
1680 1435 1955 1493 Persae.

1241 1700 1630 1710 m

444 1932 774 2006 Auctoris
809 1934 895 2006 de
929 1956 1065 2027 quo
1103 1934 1450 2008 disserere
1486 1935 1557 2005 in
1594 1934 1830 2006 animo
1879 1933 2206 2005 habemus
2255 1940 2516 2004 textum

337 2048 834 2142 primigenium
871 2070 1089 2142 nuper
1122 2050 1383 2142 publici
1407 2049 1586 2142 juris
1622 2049 1890 2142 primus
1924 2048 2088 2120 fecit
2121 2047 2228 2120 vir
2278 2047 2517 2119 claris·

341 2162 563 2234 simus
601 2163 977 2236 Gulielmus
1013 2163 1427 2257 Wrightius,
1469 2166 1598 2236 sub
1627 2164 1826 2235 titulo
1869 2188 1884 2234 ε
1927 2164 2060 2235 Tho
2094 2160 2398 2233 homilias
2446 2161 2532 2254 of

302 2280 732 2370 ‘Aphraatea
767 2281 878 2351 the
913 2283 1198 2350 Persian
1232 2282 1490 2370 Saye...
1534 2278 1633 2373 (ι).
1675 2279 1956 2351 Librum
2004 2279 2210 2363 hunc,
2251 2297 2334 2348 ex
2379 2298 2516 2370 quo

343 2401 747 2487 argumenta
781 2393 1047 2467 interna
1090 2415 1226 2466 non
1277 2415 1516 2487 pauca,
1561 2395 1659 2466 uti
1696 2394 1843 2466 fieri
1893 2394 2099 2477 solet,
2155 2394 2514 2486 deprome-

345 2530 528 2593 mus,
572 2509 942 2602 genuiuum
978 2508 1352 2583 esseillius
1387 2509 1499 2581 cui
1535 2509 1860 2583 tribuitur
1886 2509 2123 2582 foetum
2152 2515 2227 2580 ut
2251 2515 2514 2580 certum

344 2623 460 2694 hic
511 2623 952 2707 assumimuS‚
1008 2624 1317 2698 veritatis
1370 2624 1484 2695 diu
1527 2631 1816 2716 negatae,
1867 2625 1977 2696 vel
2028 2622 2261 2716 potius
2317 2622 2515 2715 igno·

342 2748 538 2822 ratae,
589 2729 769 2810 nunc
811 2758 975 2811 vero
1030 2747 1218 2812 extra
1270 2739 1550 2811 dubium
1603 2760 1805 2811 omne
1860 2748 1931 2810 et
1979 2737 2515 2811 controversiam

341 2853 627 2946 positae,
705 2865 1046 2931 momenta
1112 2854 1518 2948 gravissima
1588 2854 1657 2923 in
1728 2855 1939 2927 altera
2005 2856 2515 2926 Dissertationis

341 2980 536 3062 parte
573 2969 840 3042 allaturi
875 2978 1078 3062 atque
1115 2968 1454 3043 libraturi.

443 3082 869 3156 Paucissima
915 3094 1075 3156 sunt
1107 3106 1260 3178 quae
1309 3085 1392 3156 de
1439 3085 1740 3157 auctoris
1791 3083 1992 3176 huJus
2046 3083 2203 3157 vitae
2247 3082 2513 3156 ratione

340 3213 412 3276 et
444 3203 1042 3276 vicissitudinibus
1076 3202 1159 3274 ad
1196 3224 1324 3276 nos
1355 3202 1819 3296 pervenerint,
1863 3223 2018 3275 oum
2045 3223 2127 3275 ex
2165 3201 2513 3275 veteribus

341 3318 560 3412 Syriae
608 3317 1068 3411 scriptoribus
1117 3317 1229 3389 vix
1280 3317 1461 3390 ullus
1514 3318 1600 3390 de
1637 3317 1757 3391 illo
1793 3318 2034 3391 fecerit
2063 3318 2503 3390 mentionem.

341 3437 509 3522 Quae
546 3455 660 3508 res
697 3435 853 3519 etsi,
889 3435 1216 3527 spectatis
1253 3434 1486 3527 operis
1523 3434 1836 3527 praedicti
1872 3433 2273 3528 antiquitate
2307 3441 2512 3527 atque

336 3552 761 3644 praestantia,
805 3551 974 3622 mira
1009 3552 1241 3623 forsan
1279 3550 1482 3622 alicui
1518 3550 1735 3625 videri
1782 3558 2039 3644 potest,
2081 3549 2510 3645 aliquatenus

337 3673 565 3738 tamen
619 3666 996 3758 explicatur
1049 3686 1130 3736 ex
1189 3685 1270 3737 eo
1324 3664 1508 3757 quod
1537 3665 1677 3758 jam
1715 3665 1874 3738 inde
1910 3687 1947 3737 a
1982 3667 2238 3740 saeculo
2273 3664 2391 3751 vl,
2434 3674 2509 3739 ut

339 3789 583 3874 postea
634 3780 854 3853 fusius
915 3788 1321 3873 exponetur,
1387 3780 1835 3853 Homiliarum
1897 3789 2123 3855 textus
2187 3781 2505 3877 Syriacus

404 4010 477 4072 (t)
514 4007 707 4061 Edited
737 4007 874 4062 from
897 4008 1082 4075 Syriae
1106 4010 1473 4079 manuscripts
1498 4010 1558 4066 of
1596 4010 1686 4065 the
1717 4008 1835 4064 fifth
1876 4009 1981 4064 and
2023 4010 2166 4065 sixth
2209 4009 2502 4076 centurion,

338 4090 395 4144 in
434 4090 526 4146 the
564 4090 766 4145 British
803 4095 1071 4158 museum,
1096 4094 1166 4160 by
1192 4093 1516 4164 W.wright,
1544 4095 1637 4148 Pb.
1669 4098 1750 4158 D„
1779 4098 1878 4149 ιι.
1910 4098 1990 4159 υ..
2017 4096 2287 4163 honorary
2323 4093 2504 4151 follow

333 4172 641 4311 organeen’s
665 4175 821 4240 coll„
848 4175 1192 4246 Cambridge,
1219 4183 1349 4245 eto„
1376 4183 1480 4235 etc.
1506 4180 1623 4235 Vol.
1653 4181 1692 4237 ι.
1719 4180 1830 4235 The
1860 4179 2043 4249 syriae
2078 4184 2207 4237 text.
2253 4178 2498 4240 madon,
