3175 5084
1273 1485 1600 1579 PARS
1678 1482 2218 1580 ALTERA.

1027 1766 1134 1823 De
1172 1761 1482 1833 scriptis
1521 1762 1600 1821 et
1636 1760 1979 1822 doctrina.
2015 1760 2449 1830 Anni-arms.

759 2226 903 2294 sain
940 2243 1174 2314 supra,
1215 2221 1332 2293 ubi
1369 2220 1454 2293 de
1490 2228 1687 2292 aetate
1739 2241 1871 2313 qua
1914 2220 2292 2312 Aphraates
2328 2219 2571 2292 vixerit
2605 2219 2824 2311 scrip-

663 2338 965 2430 seritque
996 2354 1224 2408 sermo
1259 2343 1403 2407 erat
1437 2333 1538 2432 (1),
1581 2334 2011 2407 ostendimus
2064 2334 2300 2426 quanti
2335 2333 2644 2405 facienda
2680 2333 2824 2405 sint

659 2450 807 2542 ejus
859 2472 1099 2542 opera3
1156 2449 1413 2543 quippe
1461 2470 1616 2543 quae
1665 2448 2017 2520 continent
2068 2447 2154 2521 de
2200 2448 2373 2532 fide,
2441 2448 2691 2520 studiis
2740 2469 2822 2520 ac

661 2566 963 2638 moribus
1000 2565 1539 2637 Christianorum
1595 2565 1663 2634 in
1718 2564 2206 2657 Mesopotamia
2258 2572 2326 2635 et
2380 2564 2662 2637 Perside
2699 2564 2820 2636 de·

659 2682 959 2774 gentium
998 2687 1506 2752 monumentum
1543 2680 1656 2750 vix
1693 2701 1826 2751 non
1883 2677 2182 2750 omnium
2232 2679 2813 2772 antiquissimum.

655 2798 799 2866 Nec
835 2795 1120 2866 minoris
1174 2795 1498 2867 momenti
1551 2795 1614 2865 ei
1668 2801 1830 2864 sunt
1882 2793 1999 2886 qui
2053 2793 2121 2863 in
2175 2793 2617 2865 addiscendis
2662 2814 2821 2887 per-

655 2911 1179 3003 scrutandisque
1234 2910 1488 3003 linguis
1542 2909 1888 2981 Semiticis
1941 2917 2275 2992 versatur,
2318 2930 2470 2981 cum
2515 2910 2598 2982 ad
2638 2911 2822 2981 litte-

659 3050 879 3098 rarum
949 3025 1402 3095 Aramaearum
1471 3025 1781 3117 origines
1849 3023 2159 3117 proxime
2240 3023 2633 3097 ascendant.
2711 3023 2821 3095 Illi

655 3142 928 3211 demum
964 3140 1254 3211 maximo
1290 3141 1751 3212 emolumento
1788 3160 1946 3211 esse
1981 3148 2301 3232 possunt,
2334 3140 2452 3232 qui
2480 3139 2563 3210 ad
2594 3141 2822 3211 Sacrae

659 3258 1029 3346 Scripturae
1082 3256 1382 3326 studium
1436 3255 1778 3348 appulerit
1829 3262 2150 3338 mentem,
2210 3256 2355 3328 sive
2404 3276 2641 3328 verum
2695 3277 2817 3349 ge·

659 3370 1072 3462 nuinumque
1135 3378 1356 3441 textus
1421 3349 1737 3461 inspirati
1789 3390 2069 3441 sensum
2127 3378 2383 3441 tantum
2436 3360 2812 3462 inquirere,

655 3486 799 3558 sive
863 3485 1062 3556 etiam
1124 3484 1210 3556 de
1270 3484 1570 3578 antiquis
1630 3483 2066 3557 versionibus
2130 3484 2429 3578 Syriacis
2480 3485 2818 3576 judicium

655 3598 835 3670 ferre
867 3600 1052 3671 velit.

755 3714 975 3798 Quare
1011 3735 1240 3808 operae
1276 3715 1568 3809 pretium
1607 3715 1939 3786 facturum
1994 3735 2099 3786 me
2150 3715 2472 3799 arbitror,
2515 3716 2603 3799 si,
2663 3715 2815 3808 qui·

655 3830 936 3898 busdam
999 3830 1281 3900 antehac
1339 3830 1425 3901 de
1485 3828 1786 3901 auctoris
1850 3829 2069 3900 nostri
2131 3829 2268 3901 vita
2327 3828 2673 3913 delibatis,
2730 3829 2817 3900 ad

655 3946 911 4034 scripta
946 3943 1093 4033 ejus
1130 3944 1597 4028 examinanda,
1641 3943 2156 4037 doctrinamque
2208 3966 2407 4037 quam
2462 3945 2819 4017 continent

659 4058 1056 4150 diligentius
1094 4059 1464 4130 rimandam
1503 4080 1684 4131 nunc
1720 4060 2066 4153 accingar.

719 4286 791 4350 μ]
827 4285 1032 4340 videsis
1057 4299 1178 4355 pag.
1206 4290 1271 4342 ⁷0
1293 4301 1444 4356 seqq.
