<?xml version="1.0" encoding="UTF-8"?>
<!DOCTYPE html PUBLIC "-//W3C//DTD XHTML 1.0 Transitional//EN"
    "http://www.w3.org/TR/xhtml1/DTD/xhtml1-transitional.dtd">
<html xmlns="http://www.w3.org/1999/xhtml" xml:lang="en" lang="en">
 <head>
  <title>
</title>
<meta http-equiv="Content-Type" content="text/html;charset=utf-8" />
  <meta name='ocr-system' content='tesseract 3.04.00' />
  <meta name='ocr-capabilities' content='ocr_page ocr_carea ocr_par ocr_line ocrx_word'/>
</head>
<body>
  <div class='ocr_page' id='page_1' title='image "./devitaetscripti00forggoog_0024.png"; bbox 0 0 3175 5084; ppageno 0'>
   <div class='ocr_carea' id='block_1_1' title="bbox 1492 424 1852 488">
    <p class='ocr_par' dir='ltr' id='par_1_1' title="bbox 1492 424 1852 488">
     <span class='ocr_line' id='line_1_1' title="bbox 1492 424 1852 488; baseline -0.003 -17"><span class='ocrx_word' id='word_1_1' title='bbox 1492 424 1852 488; x_wconf 78' lang='lat'><em>...2-</em></span> 
     </span>
    </p>
   </div>
   <div class='ocr_carea' id='block_1_2' title="bbox 579 604 2757 1858">
    <p class='ocr_par' dir='ltr' id='par_1_2' title="bbox 579 604 2757 1858">
     <span class='ocr_line' id='line_1_2' title="bbox 588 604 2755 705; baseline -0.004 -19"><span class='ocrx_word' id='word_1_2' title='bbox 588 615 901 696; x_wconf 88' lang='lat' dir='ltr'>choante,</span> <span class='ocrx_word' id='word_1_3' title='bbox 936 609 1312 705; x_wconf 89' lang='lat' dir='ltr'>episcopali</span> <span class='ocrx_word' id='word_1_4' title='bbox 1338 609 1495 701; x_wconf 87' lang='lat' dir='ltr'>jure</span> <span class='ocrx_word' id='word_1_5' title='bbox 1530 615 1823 702; x_wconf 73' lang='lat' dir='ltr'>praeerat</span> <span class='ocrx_word' id='word_1_6' title='bbox 1845 606 2054 679; x_wconf 88' lang='lat' dir='ltr'>variis</span> <span class='ocrx_word' id='word_1_7' title='bbox 2090 604 2387 677; x_wconf 82' lang='lat' dir='ltr'><strong>Arabum</strong></span> <span class='ocrx_word' id='word_1_8' title='bbox 2423 604 2755 677; x_wconf 84' lang='lat' dir='ltr'>Christia-</span> 
     </span>
     <span class='ocr_line' id='line_1_3' title="bbox 587 717 2757 818; baseline -0.004 -19"><span class='ocrx_word' id='word_1_9' title='bbox 587 749 831 800; x_wconf 87' lang='lat' dir='ltr'>norum</span> <span class='ocrx_word' id='word_1_10' title='bbox 868 726 1210 810; x_wconf 80' lang='lat' dir='ltr'>tribubuS,</span> <span class='ocrx_word' id='word_1_11' title='bbox 1247 745 1399 818; x_wconf 87' lang='lat' dir='ltr'>quae</span> <span class='ocrx_word' id='word_1_12' title='bbox 1426 723 1673 818; x_wconf 88' lang='lat' dir='ltr'>partim</span> <span class='ocrx_word' id='word_1_13' title='bbox 1701 722 1910 795; x_wconf 90' lang='lat' dir='ltr'>urbes</span> <span class='ocrx_word' id='word_1_14' title='bbox 1938 721 2005 792; x_wconf 95' lang='lat' dir='ltr'>in</span> <span class='ocrx_word' id='word_1_15' title='bbox 2039 720 2351 793; x_wconf 82' lang='lat' dir='ltr'>Chaldaea</span> <span class='ocrx_word' id='word_1_16' title='bbox 2378 727 2448 791; x_wconf 90' lang='lat' dir='ltr'>et</span> <span class='ocrx_word' id='word_1_17' title='bbox 2471 717 2757 813; x_wconf 84' lang='lat' dir='ltr'>Assyria</span> 
     </span>
     <span class='ocr_line' id='line_1_4' title="bbox 583 835 2754 933; baseline -0.004 -18"><span class='ocrx_word' id='word_1_18' title='bbox 583 845 768 915; x_wconf 89' lang='lat' dir='ltr'>circa</span> <span class='ocrx_word' id='word_1_19' title='bbox 802 842 1168 914; x_wconf 90' lang='lat' dir='ltr'>australem</span> <span class='ocrx_word' id='word_1_20' title='bbox 1205 839 1571 933; x_wconf 83' lang='lat' dir='ltr'><strong>Euphratis</strong></span> <span class='ocrx_word' id='word_1_21' title='bbox 1610 837 1912 910; x_wconf 90' lang='lat' dir='ltr'>fluminis</span> <span class='ocrx_word' id='word_1_22' title='bbox 1960 844 2226 930; x_wconf 90' lang='lat' dir='ltr'>partem</span> <span class='ocrx_word' id='word_1_23' title='bbox 2271 836 2441 907; x_wconf 91' lang='lat' dir='ltr'>sitas</span> <span class='ocrx_word' id='word_1_24' title='bbox 2495 835 2754 907; x_wconf 92' lang='lat' dir='ltr'>incole-</span> 
     </span>
     <span class='ocr_line' id='line_1_5' title="bbox 585 952 2754 1051; baseline -0.004 -19"><span class='ocrx_word' id='word_1_25' title='bbox 585 960 773 1042; x_wconf 90' lang='lat' dir='ltr'>bant,</span> <span class='ocrx_word' id='word_1_26' title='bbox 849 959 1097 1051; x_wconf 89' lang='lat' dir='ltr'>partim</span> <span class='ocrx_word' id='word_1_27' title='bbox 1167 979 1293 1050; x_wconf 91' lang='lat' dir='ltr'>per</span> <span class='ocrx_word' id='word_1_28' title='bbox 1359 958 1507 1028; x_wconf 88' lang='lat' dir='ltr'>loca</span> <span class='ocrx_word' id='word_1_29' title='bbox 1575 954 1851 1027; x_wconf 89' lang='lat' dir='ltr'>deserta</span> <span class='ocrx_word' id='word_1_30' title='bbox 1909 962 2276 1046; x_wconf 85' lang='lat' dir='ltr'>vastasque</span> <span class='ocrx_word' id='word_1_31' title='bbox 2337 952 2754 1024; x_wconf 83' lang='lat' dir='ltr'><strong>solitudines</strong></span> 
     </span>
     <span class='ocr_line' id='line_1_6' title="bbox 580 1065 2753 1169; baseline -0.003 -22"><span class='ocrx_word' id='word_1_32' title='bbox 580 1075 1002 1169; x_wconf 88' lang='lat' dir='ltr'>vagabantur</span> <span class='ocrx_word' id='word_1_33' title='bbox 1037 1075 1140 1168; x_wconf 84' lang='lat'>(1).</span> <span class='ocrx_word' id='word_1_34' title='bbox 1184 1076 1549 1146; x_wconf 88' lang='lat' dir='ltr'>Testantur</span> <span class='ocrx_word' id='word_1_35' title='bbox 1575 1071 1953 1165; x_wconf 78' lang='lat' dir='ltr'>Gregorius</span> <span class='ocrx_word' id='word_1_36' title='bbox 1983 1069 2432 1141; x_wconf 85' lang='lat' dir='ltr'>Barhebraeus</span> <span class='ocrx_word' id='word_1_37' title='bbox 2467 1065 2540 1166; x_wconf 72' lang='lat' dir='ltr'>(a)</span> <span class='ocrx_word' id='word_1_38' title='bbox 2577 1077 2645 1140; x_wconf 90' lang='lat' dir='ltr'>et</span> <span class='ocrx_word' id='word_1_39' title='bbox 2671 1091 2753 1141; x_wconf 87' lang='lat' dir='ltr'>ex</span> 
     </span>
     <span class='ocr_line' id='line_1_7' title="bbox 582 1181 2755 1279; baseline -0.004 -19"><span class='ocrx_word' id='word_1_40' title='bbox 582 1210 665 1260; x_wconf 83' lang='lat' dir='ltr'>eo</span> <span class='ocrx_word' id='word_1_41' title='bbox 732 1191 880 1261; x_wconf 86' lang='lat' dir='ltr'>Jos.</span> <span class='ocrx_word' id='word_1_42' title='bbox 960 1189 1128 1261; x_wconf 88' lang='lat' dir='ltr'><strong>Sim.</strong></span> <span class='ocrx_word' id='word_1_43' title='bbox 1194 1185 1621 1259; x_wconf 85' lang='lat' dir='ltr'>Assemanus</span> <span class='ocrx_word' id='word_1_44' title='bbox 1690 1183 1796 1279; x_wconf 87' lang='lat'>(3),</span> <span class='ocrx_word' id='word_1_45' title='bbox 1861 1183 2134 1254; x_wconf 81' lang='lat' dir='ltr'>Arabiae</span> <span class='ocrx_word' id='word_1_46' title='bbox 2205 1181 2647 1276; x_wconf 75' lang='lat' dir='ltr'>episcopatus</span> <span class='ocrx_word' id='word_1_47' title='bbox 2714 1204 2755 1252; x_wconf 91' lang='lat' dir='ltr'>a</span> 
     </span>
     <span class='ocr_line' id='line_1_8' title="bbox 582 1298 2755 1395; baseline -0.003 -21"><span class='ocrx_word' id='word_1_48' title='bbox 582 1305 911 1376; x_wconf 84' lang='lat' dir='ltr'>Maruthae</span> <span class='ocrx_word' id='word_1_49' title='bbox 959 1324 1178 1395; x_wconf 90' lang='lat' dir='ltr'>usque</span> <span class='ocrx_word' id='word_1_50' title='bbox 1221 1301 1650 1393; x_wconf 81' lang='lat' dir='ltr'>temporibus</span> <span class='ocrx_word' id='word_1_51' title='bbox 1697 1298 1915 1371; x_wconf 88' lang='lat' dir='ltr'>fuisse</span> <span class='ocrx_word' id='word_1_52' title='bbox 1967 1300 2169 1381; x_wconf 80' lang='lat' dir='ltr'>duOS,</span> <span class='ocrx_word' id='word_1_53' title='bbox 2228 1319 2521 1390; x_wconf 89' lang='lat' dir='ltr'>quorum</span> <span class='ocrx_word' id='word_1_54' title='bbox 2582 1298 2755 1369; x_wconf 80' lang='lat' dir='ltr'>alter</span> 
     </span>
     <span class='ocr_line' id='line_1_9' title="bbox 580 1410 2746 1506; baseline -0.004 -13"><span class='ocrx_word' id='word_1_55' title='bbox 580 1422 885 1493; x_wconf 84' lang='lat' dir='ltr'><strong><em>Arabum</em></strong></span> <span class='ocrx_word' id='word_1_56' title='bbox 919 1420 1228 1491; x_wconf 89' lang='lat' dir='ltr'>absolute</span> <span class='ocrx_word' id='word_1_57' title='bbox 1269 1417 1559 1500; x_wconf 88' lang='lat' dir='ltr'>dicatur,</span> <span class='ocrx_word' id='word_1_58' title='bbox 1594 1414 1967 1506; x_wconf 90' lang='lat' dir='ltr'>sedemque</span> <span class='ocrx_word' id='word_1_59' title='bbox 2000 1410 2241 1484; x_wconf 82' lang='lat' dir='ltr'>Akulae</span> <span class='ocrx_word' id='word_1_60' title='bbox 2284 1433 2408 1483; x_wconf 91' lang='lat' dir='ltr'>seu</span> <span class='ocrx_word' id='word_1_61' title='bbox 2459 1412 2746 1505; x_wconf 84' lang='lat' dir='ltr'>Cuphae,</span> 
     </span>
     <span class='ocr_line' id='line_1_10' title="bbox 581 1527 2741 1628; baseline -0.004 -21"><span class='ocrx_word' id='word_1_62' title='bbox 581 1535 948 1628; x_wconf 90' lang='lat' dir='ltr'>aliquando</span> <span class='ocrx_word' id='word_1_63' title='bbox 999 1534 1203 1605; x_wconf 89' lang='lat' dir='ltr'>etiam</span> <span class='ocrx_word' id='word_1_64' title='bbox 1257 1531 1531 1603; x_wconf 86' lang='lat' dir='ltr'>Baladae</span> <span class='ocrx_word' id='word_1_65' title='bbox 1584 1537 1654 1601; x_wconf 91' lang='lat' dir='ltr'>et</span> <span class='ocrx_word' id='word_1_66' title='bbox 1704 1529 2106 1622; x_wconf 88' lang='lat' dir='ltr'>Telaphare,</span> <span class='ocrx_word' id='word_1_67' title='bbox 2162 1527 2473 1598; x_wconf 88' lang='lat' dir='ltr'>habuerit</span> <span class='ocrx_word' id='word_1_68' title='bbox 2521 1549 2741 1615; x_wconf 91' lang='lat' dir='ltr'>suam,</span> 
     </span>
     <span class='ocr_line' id='line_1_11' title="bbox 581 1632 2744 1735; baseline -0.004 -13"><span class='ocrx_word' id='word_1_69' title='bbox 581 1632 775 1722; x_wconf 83' lang='lat' dir='ltr'>alteri</span> <span class='ocrx_word' id='word_1_70' title='bbox 844 1659 1095 1732; x_wconf 91' lang='lat' dir='ltr'>autem,</span> <span class='ocrx_word' id='word_1_71' title='bbox 1160 1649 1679 1720; x_wconf 80' lang='lat' dir='ltr'>Taalabensium</span> <span class='ocrx_word' id='word_1_72' title='bbox 1752 1665 1876 1716; x_wconf 88' lang='lat' dir='ltr'>seu</span> <span class='ocrx_word' id='word_1_73' title='bbox 1952 1645 2449 1735; x_wconf 73' lang='lat' dir='ltr'>Taqlibensium</span> <span class='ocrx_word' id='word_1_74' title='bbox 2516 1645 2744 1717; x_wconf 73' lang='lat' dir='ltr'>Sceni-</span> 
     </span>
     <span class='ocr_line' id='line_1_12' title="bbox 579 1759 2746 1858; baseline -0.002 -20"><span class='ocrx_word' id='word_1_75' title='bbox 579 1780 809 1839; x_wconf 81' lang='lat' dir='ltr'><strong><em>tarum</em></strong></span> <span class='ocrx_word' id='word_1_76' title='bbox 844 1767 1211 1858; x_wconf 88' lang='lat' dir='ltr'>appellato,</span> <span class='ocrx_word' id='word_1_77' title='bbox 1254 1766 1447 1836; x_wconf 90' lang='lat' dir='ltr'>locus</span> <span class='ocrx_word' id='word_1_78' title='bbox 1483 1762 1851 1856; x_wconf 88' lang='lat' dir='ltr'>primarius</span> <span class='ocrx_word' id='word_1_79' title='bbox 1887 1761 2093 1832; x_wconf 88' lang='lat' dir='ltr'>fuerit</span> <span class='ocrx_word' id='word_1_80' title='bbox 2127 1759 2246 1852; x_wconf 89' lang='lat' dir='ltr'>qui</span> <span class='ocrx_word' id='word_1_81' title='bbox 2272 1781 2309 1829; x_wconf 91' lang='lat' dir='ltr'>a</span> <span class='ocrx_word' id='word_1_82' title='bbox 2336 1760 2746 1834; x_wconf 84' lang='lat' dir='ltr'>Barhebraeo</span> 
     </span>
    </p>
   </div>
   <div class='ocr_carea' id='block_1_3' title="bbox 412 1877 3167 2814">
    <p class='ocr_par' dir='ltr' id='par_1_3' title="bbox 412 1877 3167 2814">
     <span class='ocr_line' id='line_1_13' title="bbox 581 1877 3167 2014; baseline -0.002 -37"><span class='ocrx_word' id='word_1_83' title='bbox 581 1905 896 2014; x_wconf 49' lang='lat'>43:30³?</span> <span class='ocrx_word' id='word_1_84' title='bbox 936 1886 1182 1995; x_wconf 51' lang='lat' dir='ltr'>sap-²»,</span> <span class='ocrx_word' id='word_1_85' title='bbox 1224 1902 1308 1974; x_wconf 88' lang='lat' dir='ltr'>ab</span> <span class='ocrx_word' id='word_1_86' title='bbox 1360 1901 1514 1973; x_wconf 89' lang='lat' dir='ltr'>aliis</span> <span class='ocrx_word' id='word_1_87' title='bbox 1564 1877 1828 2007; x_wconf 48' lang='lat'>&lt;3352</span> <span class='ocrx_word' id='word_1_88' title='bbox 1856 1879 2060 1981; x_wconf 63' lang='grc'>12513.</span> <span class='ocrx_word' id='word_1_89' title='bbox 2092 1908 2413 1984; x_wconf 60' lang='lat' dir='ltr'>vocatum</span> <span class='ocrx_word' id='word_1_90' title='bbox 2448 1918 2747 1994; x_wconf 77' lang='lat' dir='ltr'>quo-no·</span> <span class='ocrx_word' id='word_1_91' title='bbox 3141 1950 3167 1989; x_wconf 67' lang='lat'>-,</span> 
     </span>
     <span class='ocr_line' id='line_1_14' title="bbox 576 2030 2746 2124; baseline -0 -19"><span class='ocrx_word' id='word_1_92' title='bbox 576 2035 758 2105; x_wconf 92' lang='lat' dir='ltr'>mine</span> <span class='ocrx_word' id='word_1_93' title='bbox 827 2055 963 2105; x_wconf 93' lang='lat' dir='ltr'>non</span> <span class='ocrx_word' id='word_1_94' title='bbox 1024 2032 1355 2105; x_wconf 80' lang='lat' dir='ltr'>ditionem</span> <span class='ocrx_word' id='word_1_95' title='bbox 1424 2032 1719 2124; x_wconf 83' lang='lat' dir='ltr'>aliquam</span> <span class='ocrx_word' id='word_1_96' title='bbox 1786 2030 2057 2115; x_wconf 88' lang='lat' dir='ltr'>venire,</span> <span class='ocrx_word' id='word_1_97' title='bbox 2137 2032 2261 2102; x_wconf 88' lang='lat' dir='ltr'>sed</span> <span class='ocrx_word' id='word_1_98' title='bbox 2331 2032 2597 2115; x_wconf 89' lang='lat' dir='ltr'>urbem,</span> <span class='ocrx_word' id='word_1_99' title='bbox 2675 2032 2746 2104; x_wconf 90' lang='lat' dir='ltr'>in</span> 
     </span>
     <span class='ocr_line' id='line_1_15' title="bbox 573 2145 2743 2242; baseline 0 -23"><span class='ocrx_word' id='word_1_100' title='bbox 573 2150 832 2220; x_wconf 87' lang='lat' dir='ltr'>Eracha</span> <span class='ocrx_word' id='word_1_101' title='bbox 901 2149 1316 2242; x_wconf 86' lang='lat' dir='ltr'>Babylonica</span> <span class='ocrx_word' id='word_1_102' title='bbox 1376 2147 1459 2219; x_wconf 89' lang='lat' dir='ltr'>ab</span> <span class='ocrx_word' id='word_1_103' title='bbox 1520 2145 1739 2217; x_wconf 87' lang='lat' dir='ltr'>Akula</span> <span class='ocrx_word' id='word_1_104' title='bbox 1791 2145 2015 2217; x_wconf 90' lang='lat' dir='ltr'>tribus</span> <span class='ocrx_word' id='word_1_105' title='bbox 2077 2147 2355 2219; x_wconf 91' lang='lat' dir='ltr'>circiter</span> <span class='ocrx_word' id='word_1_106' title='bbox 2415 2169 2743 2240; x_wconf 82' lang='lat' dir='ltr'>passuum</span> 
     </span>
     <span class='ocr_line' id='line_1_16' title="bbox 574 2259 2744 2355; baseline -0 -21"><span class='ocrx_word' id='word_1_107' title='bbox 574 2263 879 2334; x_wconf 90' lang='lat' dir='ltr'>millibus</span> <span class='ocrx_word' id='word_1_108' title='bbox 945 2263 1337 2346; x_wconf 88' lang='lat' dir='ltr'>distantem,</span> <span class='ocrx_word' id='word_1_109' title='bbox 1403 2261 1534 2334; x_wconf 88' lang='lat' dir='ltr'>viri</span> <span class='ocrx_word' id='word_1_110' title='bbox 1596 2262 1710 2332; x_wconf 88' lang='lat' dir='ltr'>cll.</span> <span class='ocrx_word' id='word_1_111' title='bbox 1782 2259 2130 2333; x_wconf 85' lang='lat' dir='ltr'>Abheloos</span> <span class='ocrx_word' id='word_1_112' title='bbox 2192 2270 2261 2333; x_wconf 87' lang='lat' dir='ltr'>et</span> <span class='ocrx_word' id='word_1_113' title='bbox 2296 2263 2507 2355; x_wconf 88' lang='lat' dir='ltr'>Lamy</span> <span class='ocrx_word' id='word_1_114' title='bbox 2567 2262 2744 2333; x_wconf 89' lang='lat' dir='ltr'>scite</span> 
     </span>
     <span class='ocr_line' id='line_1_17' title="bbox 574 2374 2742 2469; baseline 0 -23"><span class='ocrx_word' id='word_1_115' title='bbox 574 2376 934 2447; x_wconf 85' lang='lat' dir='ltr'>advertunt</span> <span class='ocrx_word' id='word_1_116' title='bbox 971 2375 1072 2469; x_wconf 82' lang='lat'><strong>(4).</strong></span> <span class='ocrx_word' id='word_1_117' title='bbox 1115 2377 1204 2447; x_wconf 87' lang='lat' dir='ltr'>At</span> <span class='ocrx_word' id='word_1_118' title='bbox 1254 2385 1564 2467; x_wconf 89' lang='lat' dir='ltr'>tempore</span> <span class='ocrx_word' id='word_1_119' title='bbox 1623 2374 1901 2467; x_wconf 79' lang='lat' dir='ltr'>Georgii</span> <span class='ocrx_word' id='word_1_120' title='bbox 1954 2377 2063 2447; x_wconf 92' lang='lat' dir='ltr'>vel</span> <span class='ocrx_word' id='word_1_121' title='bbox 2112 2377 2350 2447; x_wconf 89' lang='lat' dir='ltr'>ambas</span> <span class='ocrx_word' id='word_1_122' title='bbox 2403 2375 2742 2449; x_wconf 85' lang='lat' dir='ltr'>dioeceses</span> 
     </span>
     <span class='ocr_line' id='line_1_18' title="bbox 572 2490 2741 2593; baseline 0.002 -35"><span class='ocrx_word' id='word_1_123' title='bbox 572 2490 642 2593; x_wconf 55' lang='grc' dir='ltr'>ξι]</span> <span class='ocrx_word' id='word_1_124' title='bbox 681 2512 881 2561; x_wconf 88' lang='lat' dir='ltr'>unam</span> <span class='ocrx_word' id='word_1_125' title='bbox 933 2493 1303 2574; x_wconf 84' lang='lat' dir='ltr'>coaluisse,</span> <span class='ocrx_word' id='word_1_126' title='bbox 1343 2492 1457 2564; x_wconf 87' lang='lat' dir='ltr'>vel</span> <span class='ocrx_word' id='word_1_127' title='bbox 1511 2491 1785 2583; x_wconf 90' lang='lat' dir='ltr'>utrique</span> <span class='ocrx_word' id='word_1_128' title='bbox 1844 2491 2075 2574; x_wconf 89' lang='lat' dir='ltr'>simul,</span> <span class='ocrx_word' id='word_1_129' title='bbox 2117 2491 2207 2563; x_wconf 90' lang='lat' dir='ltr'>ob</span> <span class='ocrx_word' id='word_1_130' title='bbox 2254 2513 2525 2562; x_wconf 89' lang='lat' dir='ltr'>causam</span> <span class='ocrx_word' id='word_1_131' title='bbox 2586 2506 2741 2584; x_wconf 84' lang='lat' dir='ltr'>quae</span> 
     </span>
     <span class='ocr_line' id='line_1_19' title="bbox 571 2605 2739 2700; baseline 0.002 -26"><span class='ocrx_word' id='word_1_132' title='bbox 571 2627 699 2676; x_wconf 92' lang='lat' dir='ltr'>nos</span> <span class='ocrx_word' id='word_1_133' title='bbox 730 2607 957 2690; x_wconf 89' lang='lat' dir='ltr'>lateat,</span> <span class='ocrx_word' id='word_1_134' title='bbox 983 2607 1354 2700; x_wconf 82' lang='lat' dir='ltr'>Georgium</span> <span class='ocrx_word' id='word_1_135' title='bbox 1376 2605 1763 2698; x_wconf 83' lang='lat' dir='ltr'>praefuisse,</span> <span class='ocrx_word' id='word_1_136' title='bbox 1786 2607 1895 2677; x_wconf 86' lang='lat' dir='ltr'>vel</span> <span class='ocrx_word' id='word_1_137' title='bbox 1922 2614 2109 2678; x_wconf 90' lang='lat' dir='ltr'>certe</span> <span class='ocrx_word' id='word_1_138' title='bbox 2136 2606 2408 2698; x_wconf 82' lang='lat' dir='ltr'>priores</span> <span class='ocrx_word' id='word_1_139' title='bbox 2436 2607 2739 2699; x_wconf 90' lang='lat' dir='ltr'>ipsarum</span> 
     </span>
     <span class='ocr_line' id='line_1_20' title="bbox 412 2719 2737 2814; baseline -0.001 -19"><span class='ocrx_word' id='word_1_140' title='bbox 412 2748 489 2795; x_wconf 63' lang='lat' dir='ltr'><em>s</em></span> <span class='ocrx_word' id='word_1_141' title='bbox 566 2719 739 2790; x_wconf 90' lang='lat' dir='ltr'>fines</span> <span class='ocrx_word' id='word_1_142' title='bbox 768 2720 983 2791; x_wconf 88' lang='lat' dir='ltr'>fuisse</span> <span class='ocrx_word' id='word_1_143' title='bbox 1012 2728 1331 2804; x_wconf 87' lang='lat' dir='ltr'>mutatos,</span> <span class='ocrx_word' id='word_1_144' title='bbox 1368 2742 1449 2792; x_wconf 89' lang='lat' dir='ltr'>ex</span> <span class='ocrx_word' id='word_1_145' title='bbox 1477 2719 1875 2791; x_wconf 87' lang='lat' dir='ltr'>testimonio</span> <span class='ocrx_word' id='word_1_146' title='bbox 1906 2720 2247 2814; x_wconf 86' lang='lat' dir='ltr'>Dionysii,</span> <span class='ocrx_word' id='word_1_147' title='bbox 2277 2721 2737 2792; x_wconf 86' lang='lat' dir='ltr'>Jacohitarum</span> 
     </span>
    </p>
   </div>
   <div class='ocr_carea' id='block_1_4' title="bbox 553 3026 2736 4234">
    <p class='ocr_par' dir='ltr' id='par_1_4' title="bbox 630 3026 1824 3093">
     <span class='ocr_line' id='line_1_21' title="bbox 630 3026 1824 3093; baseline 0 -18"><span class='ocrx_word' id='word_1_148' title='bbox 630 3027 707 3087; x_wconf 78' lang='lat' dir='ltr'>(i)</span> <span class='ocrx_word' id='word_1_149' title='bbox 744 3027 821 3076; x_wconf 86' lang='lat' dir='ltr'>lta</span> <span class='ocrx_word' id='word_1_150' title='bbox 843 3027 889 3076; x_wconf 81' lang='lat' dir='ltr'>J.</span> <span class='ocrx_word' id='word_1_151' title='bbox 919 3027 972 3076; x_wconf 88' lang='lat' dir='ltr'>S.</span> <span class='ocrx_word' id='word_1_152' title='bbox 1000 3032 1352 3088; x_wconf 73' lang='lat' dir='ltr'>Assemanus,</span> <span class='ocrx_word' id='word_1_153' title='bbox 1380 3026 1436 3076; x_wconf 88' lang='lat' dir='ltr'>B.</span> <span class='ocrx_word' id='word_1_154' title='bbox 1464 3027 1525 3077; x_wconf 85' lang='grc'>0.</span> <span class='ocrx_word' id='word_1_155' title='bbox 1556 3027 1596 3089; x_wconf 87' lang='lat' dir='ltr'>l,</span> <span class='ocrx_word' id='word_1_156' title='bbox 1625 3039 1680 3093; x_wconf 85' lang='lat' dir='ltr'>p.</span> <span class='ocrx_word' id='word_1_157' title='bbox 1710 3026 1824 3077; x_wconf 83' lang='lat'>167.</span> 
     </span>
    </p>

    <p class='ocr_par' dir='ltr' id='par_1_5' title="bbox 564 3109 2736 3418">
     <span class='ocr_line' id='line_1_22' title="bbox 628 3109 2736 3176; baseline 0.001 -15"><span class='ocrx_word' id='word_1_158' title='bbox 628 3111 706 3172; x_wconf 76' lang='grc' dir='ltr'>(Ξ)</span> <span class='ocrx_word' id='word_1_159' title='bbox 742 3109 990 3176; x_wconf 84' lang='lat' dir='ltr'>Gregorii</span> <span class='ocrx_word' id='word_1_160' title='bbox 1038 3109 1346 3162; x_wconf 84' lang='lat' dir='ltr'>Barhebraei</span> <span class='ocrx_word' id='word_1_161' title='bbox 1396 3109 1703 3163; x_wconf 77' lang='lat' dir='ltr'>chronicon</span> <span class='ocrx_word' id='word_1_162' title='bbox 1756 3109 2201 3175; x_wconf 70' lang='lat' dir='ltr'>ecclesiasticum,</span> <span class='ocrx_word' id='word_1_163' title='bbox 2256 3109 2404 3173; x_wconf 84' lang='lat' dir='ltr'>quod</span> <span class='ocrx_word' id='word_1_164' title='bbox 2465 3123 2494 3162; x_wconf 92' lang='lat' dir='ltr'>e</span> <span class='ocrx_word' id='word_1_165' title='bbox 2519 3156 2528 3163; x_wconf 88' lang='grc'><em>,</em></span> <span class='ocrx_word' id='word_1_166' title='bbox 2550 3110 2736 3163; x_wconf 86' lang='lat' dir='ltr'>codice</span> 
     </span>
     <span class='ocr_line' id='line_1_23' title="bbox 564 3189 2733 3256; baseline 0.001 -14"><span class='ocrx_word' id='word_1_167' title='bbox 564 3191 733 3243; x_wconf 79' lang='lat' dir='ltr'>Musei</span> <span class='ocrx_word' id='word_1_168' title='bbox 759 3190 1055 3243; x_wconf 79' lang='lat' dir='ltr'>Britannici</span> <span class='ocrx_word' id='word_1_169' title='bbox 1079 3190 1413 3256; x_wconf 86' lang='lat' dir='ltr'>descriptum</span> <span class='ocrx_word' id='word_1_170' title='bbox 1447 3190 1757 3253; x_wconf 82' lang='lat' dir='ltr'>ediderunt,</span> <span class='ocrx_word' id='word_1_171' title='bbox 1784 3189 2049 3242; x_wconf 74' lang='lat' dir='ltr'>latinitate</span> <span class='ocrx_word' id='word_1_172' title='bbox 2090 3191 2383 3254; x_wconf 86' lang='lat' dir='ltr'>donarunt,</span> <span class='ocrx_word' id='word_1_173' title='bbox 2427 3192 2733 3245; x_wconf 85' lang='lat' dir='ltr'>annotatio·</span> 
     </span>
     <span class='ocr_line' id='line_1_24' title="bbox 565 3271 2735 3339; baseline 0.001 -16"><span class='ocrx_word' id='word_1_174' title='bbox 565 3272 837 3337; x_wconf 86' lang='lat' dir='ltr'>nibusque</span> <span class='ocrx_word' id='word_1_175' title='bbox 877 3271 1220 3324; x_wconf 82' lang='lat' dir='ltr'>illustrarunt</span> <span class='ocrx_word' id='word_1_176' title='bbox 1256 3275 1494 3324; x_wconf 70' lang='lat' dir='ltr'>loannes</span> <span class='ocrx_word' id='word_1_177' title='bbox 1534 3271 1773 3337; x_wconf 86' lang='lat' dir='ltr'>Baptista</span> <span class='ocrx_word' id='word_1_178' title='bbox 1816 3271 2086 3323; x_wconf 78' lang='lat' dir='ltr'>Abbeloos</span> <span class='ocrx_word' id='word_1_179' title='bbox 2113 3277 2167 3323; x_wconf 89' lang='lat' dir='ltr'>et</span> <span class='ocrx_word' id='word_1_180' title='bbox 2190 3272 2425 3325; x_wconf 86' lang='lat' dir='ltr'>Thomas</span> <span class='ocrx_word' id='word_1_181' title='bbox 2464 3274 2735 3339; x_wconf 84' lang='lat' dir='ltr'>Josephus</span> 
     </span>
     <span class='ocr_line' id='line_1_25' title="bbox 564 3353 2203 3418; baseline -0.001 -13"><span class='ocrx_word' id='word_1_182' title='bbox 564 3353 752 3418; x_wconf 76' lang='lat' dir='ltr'>Lamy3</span> <span class='ocrx_word' id='word_1_183' title='bbox 782 3353 1023 3414; x_wconf 85' lang='lat' dir='ltr'>Lovanii,</span> <span class='ocrx_word' id='word_1_184' title='bbox 1056 3354 1357 3404; x_wconf 72' lang='lat'><strong>¹872-1877.</strong></span> <span class='ocrx_word' id='word_1_185' title='bbox 1383 3353 1487 3405; x_wconf 84' lang='lat' dir='ltr'>cfr.</span> <span class='ocrx_word' id='word_1_186' title='bbox 1517 3358 1651 3405; x_wconf 85' lang='lat' dir='ltr'>sect.</span> <span class='ocrx_word' id='word_1_187' title='bbox 1682 3355 1749 3415; x_wconf 86' lang='grc' dir='ltr'>ΙΙ,</span> <span class='ocrx_word' id='word_1_188' title='bbox 1778 3353 1885 3405; x_wconf 89' lang='lat' dir='ltr'>col.</span> <span class='ocrx_word' id='word_1_189' title='bbox 1926 3353 2022 3404; x_wconf 75' lang='lat'>125</span> <span class='ocrx_word' id='word_1_190' title='bbox 2047 3365 2203 3418; x_wconf 86' lang='lat' dir='ltr'>seqq.</span> 
     </span>
    </p>

    <p class='ocr_par' dir='ltr' id='par_1_6' title="bbox 560 3433 2732 3660">
     <span class='ocr_line' id='line_1_26' title="bbox 629 3433 2732 3500; baseline 0 -14"><span class='ocrx_word' id='word_1_191' title='bbox 629 3437 700 3495; x_wconf 80' lang='grc'>(5)</span> <span class='ocrx_word' id='word_1_192' title='bbox 734 3434 957 3500; x_wconf 75' lang='lat' dir='ltr'>Joseplti</span> <span class='ocrx_word' id='word_1_193' title='bbox 1003 3433 1231 3486; x_wconf 88' lang='lat' dir='ltr'>Simonii</span> <span class='ocrx_word' id='word_1_194' title='bbox 1291 3433 1572 3486; x_wconf 78' lang='lat' dir='ltr'>Assemani</span> <span class='ocrx_word' id='word_1_195' title='bbox 1629 3435 1694 3485; x_wconf 81' lang='lat' dir='ltr'>de</span> <span class='ocrx_word' id='word_1_196' title='bbox 1749 3434 1904 3498; x_wconf 80' lang='lat' dir='ltr'>Syris</span> <span class='ocrx_word' id='word_1_197' title='bbox 1961 3434 2351 3499; x_wconf 75' lang='lat' dir='ltr'>Monopnysitis</span> <span class='ocrx_word' id='word_1_198' title='bbox 2395 3435 2732 3497; x_wconf 59' lang='lat' dir='ltr'>dissertum,-</span> 
     </span>
     <span class='ocr_line' id='line_1_27' title="bbox 560 3515 2729 3585; baseline 0 -16"><span class='ocrx_word' id='word_1_199' title='bbox 560 3519 764 3579; x_wconf 83' lang='lat' dir='ltr'>Romae,</span> <span class='ocrx_word' id='word_1_200' title='bbox 794 3519 940 3581; x_wconf 77' lang='lat'>1750,</span> <span class='ocrx_word' id='word_1_201' title='bbox 965 3531 1032 3570; x_wconf 86' lang='lat' dir='ltr'>ex</span> <span class='ocrx_word' id='word_1_202' title='bbox 1058 3518 1410 3585; x_wconf 81' lang='lat' dir='ltr'>typographia</span> <span class='ocrx_word' id='word_1_203' title='bbox 1435 3520 1487 3570; x_wconf 91' lang='lat' dir='ltr'>S.</span> <span class='ocrx_word' id='word_1_204' title='bbox 1524 3521 1580 3571; x_wconf 91' lang='lat' dir='ltr'>C.</span> <span class='ocrx_word' id='word_1_205' title='bbox 1620 3517 1687 3570; x_wconf 89' lang='lat' dir='ltr'>de</span> <span class='ocrx_word' id='word_1_206' title='bbox 1726 3517 2075 3584; x_wconf 85' lang='lat' dir='ltr'>propaganda</span> <span class='ocrx_word' id='word_1_207' title='bbox 2112 3515 2236 3569; x_wconf 85' lang='lat' dir='ltr'>fide.</span> <span class='ocrx_word' id='word_1_208' title='bbox 2265 3516 2474 3571; x_wconf 85' lang='lat' dir='ltr'>videsis</span> <span class='ocrx_word' id='word_1_209' title='bbox 2506 3532 2598 3585; x_wconf 89' lang='lat' dir='ltr'>pp.</span> <span class='ocrx_word' id='word_1_210' title='bbox 2642 3520 2729 3580; x_wconf 71' lang='lat'>6¹,</span> 
     </span>
     <span class='ocr_line' id='line_1_28' title="bbox 563 3599 765 3660; baseline -0.005 -11"><span class='ocrx_word' id='word_1_211' title='bbox 563 3599 653 3660; x_wconf 81' lang='grc'>65,</span> <span class='ocrx_word' id='word_1_212' title='bbox 678 3600 765 3649; x_wconf 89' lang='grc'>89.</span> 
     </span>
    </p>

    <p class='ocr_par' dir='ltr' id='par_1_7' title="bbox 553 3678 2732 4234">
     <span class='ocr_line' id='line_1_29' title="bbox 625 3678 2730 3744; baseline 0.002 -14"><span class='ocrx_word' id='word_1_213' title='bbox 625 3680 700 3742; x_wconf 73' lang='grc'>(4)</span> <span class='ocrx_word' id='word_1_214' title='bbox 735 3681 889 3744; x_wconf 83' lang='lat' dir='ltr'>Greg.</span> <span class='ocrx_word' id='word_1_215' title='bbox 920 3679 1222 3733; x_wconf 83' lang='lat' dir='ltr'>Barhebraei</span> <span class='ocrx_word' id='word_1_216' title='bbox 1252 3678 1556 3734; x_wconf 79' lang='lat' dir='ltr'>chronicon</span> <span class='ocrx_word' id='word_1_217' title='bbox 1584 3679 2025 3742; x_wconf 65' lang='lat' dir='ltr'>ecclesiasticum,</span> <span class='ocrx_word' id='word_1_218' title='bbox 2046 3685 2177 3731; x_wconf 89' lang='lat' dir='ltr'>sect.</span> <span class='ocrx_word' id='word_1_219' title='bbox 2210 3682 2249 3743; x_wconf 86' lang='grc' dir='ltr'>Ι,</span> <span class='ocrx_word' id='word_1_220' title='bbox 2270 3680 2379 3733; x_wconf 87' lang='lat' dir='ltr'>col.</span> <span class='ocrx_word' id='word_1_221' title='bbox 2403 3680 2522 3744; x_wconf 68' lang='lat'>202,</span> <span class='ocrx_word' id='word_1_222' title='bbox 2541 3687 2657 3734; x_wconf 89' lang='lat' dir='ltr'>not.</span> <span class='ocrx_word' id='word_1_223' title='bbox 2679 3681 2730 3734; x_wconf 73' lang='grc' dir='ltr'>Ξ.</span> 
     </span>
     <span class='ocr_line' id='line_1_30' title="bbox 555 3758 2731 3827; baseline 0.001 -16"><span class='ocrx_word' id='word_1_224' title='bbox 555 3762 706 3824; x_wconf 86' lang='lat' dir='ltr'>opus</span> <span class='ocrx_word' id='word_1_225' title='bbox 742 3759 844 3812; x_wconf 92' lang='lat' dir='ltr'>hoc</span> <span class='ocrx_word' id='word_1_226' title='bbox 882 3765 937 3811; x_wconf 88' lang='lat' dir='ltr'>et</span> <span class='ocrx_word' id='word_1_227' title='bbox 975 3766 1195 3824; x_wconf 86' lang='lat' dir='ltr'>propter</span> <span class='ocrx_word' id='word_1_228' title='bbox 1235 3759 1509 3826; x_wconf 83' lang='lat' dir='ltr'>ingentem</span> <span class='ocrx_word' id='word_1_229' title='bbox 1547 3758 1786 3812; x_wconf 86' lang='lat' dir='ltr'>auctoris</span> <span class='ocrx_word' id='word_1_230' title='bbox 1827 3758 2216 3822; x_wconf 86' lang='lat' dir='ltr'>eruditionem,</span> <span class='ocrx_word' id='word_1_231' title='bbox 2244 3765 2301 3813; x_wconf 86' lang='lat' dir='ltr'>et</span> <span class='ocrx_word' id='word_1_232' title='bbox 2324 3767 2549 3827; x_wconf 87' lang='lat' dir='ltr'>propter</span> <span class='ocrx_word' id='word_1_233' title='bbox 2572 3766 2731 3815; x_wconf 87' lang='lat' dir='ltr'>notas</span> 
     </span>
     <span class='ocr_line' id='line_1_31' title="bbox 559 3840 2732 3910; baseline 0.001 -18"><span class='ocrx_word' id='word_1_234' title='bbox 559 3840 865 3893; x_wconf 80' lang='lat' dir='ltr'>uberrimas</span> <span class='ocrx_word' id='word_1_235' title='bbox 889 3840 957 3892; x_wconf 88' lang='lat' dir='ltr'>de</span> <span class='ocrx_word' id='word_1_236' title='bbox 981 3842 1145 3894; x_wconf 86' lang='lat' dir='ltr'>rebus</span> <span class='ocrx_word' id='word_1_237' title='bbox 1171 3841 1511 3907; x_wconf 82' lang='lat' dir='ltr'>theologicis,</span> <span class='ocrx_word' id='word_1_238' title='bbox 1538 3840 1837 3902; x_wconf 84' lang='lat' dir='ltr'>historicis,</span> <span class='ocrx_word' id='word_1_239' title='bbox 1875 3840 2251 3908; x_wconf 82' lang='lat' dir='ltr'>geographicis</span> <span class='ocrx_word' id='word_1_240' title='bbox 2287 3847 2342 3895; x_wconf 86' lang='lat' dir='ltr'>et</span> <span class='ocrx_word' id='word_1_241' title='bbox 2380 3843 2732 3910; x_wconf 83' lang='lat' dir='ltr'>archaeologi-</span> 
     </span>
     <span class='ocr_line' id='line_1_32' title="bbox 559 3921 2731 3990; baseline 0.001 -15"><span class='ocrx_word' id='word_1_242' title='bbox 559 3921 659 3984; x_wconf 84' lang='lat' dir='ltr'>cis,</span> <span class='ocrx_word' id='word_1_243' title='bbox 684 3923 883 3988; x_wconf 86' lang='lat' dir='ltr'>quihus</span> <span class='ocrx_word' id='word_1_244' title='bbox 908 3921 1087 3988; x_wconf 86' lang='lat' dir='ltr'>ipsum</span> <span class='ocrx_word' id='word_1_245' title='bbox 1125 3923 1526 3989; x_wconf 85' lang='lat' dir='ltr'>locupletarunt</span> <span class='ocrx_word' id='word_1_246' title='bbox 1562 3924 1707 3976; x_wconf 84' lang='lat' dir='ltr'>docti</span> <span class='ocrx_word' id='word_1_247' title='bbox 1745 3922 2004 3986; x_wconf 88' lang='lat' dir='ltr'>editores,</span> <span class='ocrx_word' id='word_1_248' title='bbox 2031 3923 2214 3990; x_wconf 80' lang='lat' dir='ltr'>magni</span> <span class='ocrx_word' id='word_1_249' title='bbox 2241 3921 2569 3977; x_wconf 83' lang='lat' dir='ltr'>faciendum.</span> <span class='ocrx_word' id='word_1_250' title='bbox 2598 3927 2731 3978; x_wconf 88' lang='lat' dir='ltr'>Cum</span> 
     </span>
     <span class='ocr_line' id='line_1_33' title="bbox 560 4003 2731 4072; baseline 0.001 -15"><span class='ocrx_word' id='word_1_251' title='bbox 560 4017 704 4057; x_wconf 88' lang='lat' dir='ltr'>unus</span> <span class='ocrx_word' id='word_1_252' title='bbox 746 4003 833 4057; x_wconf 92' lang='lat' dir='ltr'>hic</span> <span class='ocrx_word' id='word_1_253' title='bbox 869 4004 1006 4058; x_wconf 81' lang='lat' dir='ltr'>liber</span> <span class='ocrx_word' id='word_1_254' title='bbox 1048 4006 1286 4071; x_wconf 87' lang='lat' dir='ltr'>plurium</span> <span class='ocrx_word' id='word_1_255' title='bbox 1329 4005 1449 4058; x_wconf 90' lang='lat' dir='ltr'>loco</span> <span class='ocrx_word' id='word_1_256' title='bbox 1491 4017 1615 4058; x_wconf 87' lang='lat' dir='ltr'>esse</span> <span class='ocrx_word' id='word_1_257' title='bbox 1655 4005 1854 4071; x_wconf 86' lang='lat' dir='ltr'>possit,</span> <span class='ocrx_word' id='word_1_258' title='bbox 1882 4004 2294 4070; x_wconf 82' lang='lat' dir='ltr'>mihi·perutilis</span> <span class='ocrx_word' id='word_1_259' title='bbox 2319 4005 2436 4059; x_wconf 82' lang='lat' dir='ltr'>fuit.</span> <span class='ocrx_word' id='word_1_260' title='bbox 2466 4010 2635 4072; x_wconf 83' lang='lat' dir='ltr'>Quam</span> <span class='ocrx_word' id='word_1_261' title='bbox 2660 4008 2731 4061; x_wconf 85' lang='lat' dir='ltr'>ob</span> 
     </span>
     <span class='ocr_line' id='line_1_34' title="bbox 553 4085 2731 4154; baseline 0.001 -14"><span class='ocrx_word' id='word_1_262' title='bbox 553 4097 776 4140; x_wconf 76' lang='lat' dir='ltr'>oausam</span> <span class='ocrx_word' id='word_1_263' title='bbox 797 4085 927 4140; x_wconf 87' lang='lat' dir='ltr'>viris</span> <span class='ocrx_word' id='word_1_264' title='bbox 946 4088 1035 4140; x_wconf 86' lang='lat' dir='ltr'>cll.</span> <span class='ocrx_word' id='word_1_265' title='bbox 1055 4088 1325 4140; x_wconf 78' lang='lat' dir='ltr'>Abbeloos</span> <span class='ocrx_word' id='word_1_266' title='bbox 1353 4092 1407 4139; x_wconf 88' lang='lat' dir='ltr'>et</span> <span class='ocrx_word' id='word_1_267' title='bbox 1434 4089 1598 4152; x_wconf 79' lang='lat' dir='ltr'>Lamy</span> <span class='ocrx_word' id='word_1_268' title='bbox 1621 4092 1833 4154; x_wconf 84' lang='lat' dir='ltr'>gratum</span> <span class='ocrx_word' id='word_1_269' title='bbox 1861 4088 2043 4139; x_wconf 79' lang='lat' dir='ltr'>meuin</span> <span class='ocrx_word' id='word_1_270' title='bbox 2068 4085 2334 4152; x_wconf 88' lang='lat' dir='ltr'>animum,</span> <span class='ocrx_word' id='word_1_271' title='bbox 2358 4088 2514 4141; x_wconf 81' lang='lat' dir='ltr'>alteri</span> <span class='ocrx_word' id='word_1_272' title='bbox 2539 4101 2731 4142; x_wconf 86' lang='lat' dir='ltr'>eorum</span> 
     </span>
     <span class='ocr_line' id='line_1_35' title="bbox 556 4165 2558 4234; baseline 0.001 -15"><span class='ocrx_word' id='word_1_273' title='bbox 556 4178 623 4225; x_wconf 82' lang='lat' dir='ltr'>ex</span> <span class='ocrx_word' id='word_1_274' title='bbox 647 4165 832 4222; x_wconf 85' lang='lat' dir='ltr'>multis</span> <span class='ocrx_word' id='word_1_275' title='bbox 857 4167 1020 4220; x_wconf 84' lang='lat' dir='ltr'>etiam</span> <span class='ocrx_word' id='word_1_276' title='bbox 1043 4167 1165 4220; x_wconf 84' lang='lat' dir='ltr'>aliis</span> <span class='ocrx_word' id='word_1_277' title='bbox 1187 4167 1460 4234; x_wconf 85' lang='lat' dir='ltr'>capitibus</span> <span class='ocrx_word' id='word_1_278' title='bbox 1484 4167 1747 4230; x_wconf 85' lang='lat' dir='ltr'>debitum,</span> <span class='ocrx_word' id='word_1_279' title='bbox 1774 4167 1863 4220; x_wconf 92' lang='lat' dir='ltr'>hic</span> <span class='ocrx_word' id='word_1_280' title='bbox 1886 4165 2103 4232; x_wconf 84' lang='lat' dir='ltr'>publice</span> <span class='ocrx_word' id='word_1_281' title='bbox 2128 4173 2387 4224; x_wconf 87' lang='lat' dir='ltr'>testatum</span> <span class='ocrx_word' id='word_1_282' title='bbox 2414 4169 2558 4223; x_wconf 87' lang='lat' dir='ltr'>volo.</span> 
     </span>
    </p>
   </div>
   <div class='ocr_carea' id='block_1_5' title="bbox 3151 185 3175 4532">
    <p class='ocr_par' dir='ltr' id='par_1_8' title="bbox 3151 185 3175 4532">
     <span class='ocr_line' id='line_1_36' title="bbox 3151 185 3175 4532; baseline 0 0"><span class='ocrx_word' id='word_1_283' title='bbox 3151 185 3175 4532; x_wconf 95' lang='lat' dir='ltr'> </span> 
     </span>
    </p>
   </div>
   <div class='ocr_carea' id='block_1_6' title="bbox 7 4240 3171 5068">
    <p class='ocr_par' dir='ltr' id='par_1_9' title="bbox 7 4240 3171 5068">
     <span class='ocr_line' id='line_1_37' title="bbox 7 4240 3171 5068; baseline 0 -1"><span class='ocrx_word' id='word_1_284' title='bbox 7 4240 149 5067; x_wconf 95' lang='lat' dir='ltr'> </span> <span class='ocrx_word' id='word_1_285' title='bbox 2813 4528 3171 5068; x_wconf 95' lang='lat' dir='ltr'> </span> 
     </span>
    </p>
   </div>
  </div>
 </body>
</html>
