3175 5084
1320 391 1780 457 —371—

448 591 620 666 tum,
643 605 863 678 neque
892 583 977 655 ab
1003 581 1415 654 humanitate
1446 579 1769 664 divisum,
1801 578 1922 652 sed
1943 599 2203 665 verum,
2224 580 2620 662 animatum,

450 708 519 769 et
554 699 929 772 formaliter
977 706 1358 791 spectatum
1411 705 1484 767 ut
1540 695 1674 768 Cor
1729 694 1977 767 divinae
2029 715 2347 788 personae
2401 695 2622 768 incar-

455 824 653 886 natae.
712 817 809 885 Ex
865 815 997 887 fine
1052 824 1273 887 autem
1323 812 1839 906 sapientissimo
1892 821 1963 882 et
2013 812 2295 904 optimis
2350 813 2627 885 inducta

456 916 860 1003 rationibus.
914 939 987 1001 ut
1034 949 1275 1000 omnes
1326 928 1565 998 fideles
1606 954 1641 991 (ε
1679 926 1813 999 Cor
1860 925 2025 997 illud
2079 927 2618 1020 sanctissimum,
2688 955 2693 961 ·

457 1045 701 1117 divinae
764 1044 1115 1117 charitatis
1178 1037 1448 1127 sedemg
1509 1042 1696 1114 omni
1767 1041 2051 1113 honoris
2122 1042 2628 1135 significatione

453 1162 762 1234 colerent
788 1171 855 1233 et
883 1170 1373 1233 venerarentur
1401 1160 1501 1255 (ι),
1541 1188 1574 1224 »
1608 1154 1920 1230 Ecclesia
1948 1158 2246 1230 instituit
2274 1167 2346 1230 ut
2373 1158 2626 1232 festum

456 1277 578 1347 SS.
625 1276 870 1349 Cordis
905 1278 1069 1348 Jesu
1109 1275 1599 1348 celebraretur.

1473 1537 1632 1600 [ΛΠ.

556 1739 783 1812 Gratia
835 1739 1113 1811 omnino
1170 1738 1465 1832 gratuita
1522 1748 1655 1821 est,
1700 1761 1820 1811 seu
1885 1740 2086 1810 homo
2143 1740 2315 1810 solis
2373 1748 2628 1810 naturae

456 1855 717 1927 viribus
755 1855 992 1949 nequit
1029 1857 1276 1927 mereri
1313 1856 1600 1948 gratiam
1638 1856 1784 1927 sive
1822 1856 1907 1926 de
1945 1857 2317 1950 condigno,
2362 1859 2507 1929 sive
2545 1858 2629 1928 de

457 1994 794 2065 congruoq
837 1994 1058 2066 neque
1091 1982 1324 2064 potest
1360 1994 1517 2045 sese
1555 1973 1634 2043 ad
1676 1994 1823 2044 eam
1878 1974 2173 2065 positive
2223 1973 2617 2065 disponere.

460 2089 631 2160 Huic
656 2097 892 2159 'autem
945 2089 1213 2160 veritati
1270 2089 1440 2159 nihil
1494 2089 1708 2160 officit
1744 2089 2318 2161 scholasticorum
2356 2090 2630 2161 effatum

459 2203 625 2273 illud
661 2228 674 2273 :
712 2203 1015 2275 Facienti
1047 2204 1230 2296 quod
1263 2204 1330 2273 in
1365 2226 1440 2275 se
1469 2214 1576 2275 est
1607 2206 1791 2277 Deus
1824 2226 1957 2276 non
1989 2204 2283 2298 denegat
2311 2206 2621 2298 gratiam.

1468 2466 1623 2528 le.

561 2669 630 2738 In
694 2677 871 2740 statu
928 2676 1185 2740 naturae
1239 2669 1448 2759 lapsae
1504 2667 1702 2739 datur
1756 2667 2080 2740 auxilium
2133 2689 2286 2740 vere
2340 2678 2407 2739 et
2454 2691 2628 2758 pure

456 2795 679 2854 tamen
726 2782 1103 2866 sufficiens,
1148 2803 1269 2854 seu
1325 2782 1509 2875 quod
1568 2782 1826 2854 homini
1887 2782 2259 2875 perfectam
2315 2782 2619 2876 quidem,

457 2899 866 2990 completam
905 2905 972 2969 et
1008 2897 1353 2968 relativam
1392 2898 1769 2988 potentiam
1818 2897 1991 2969 bene
2040 2897 2287 2990 agendi
2340 2897 2618 2979 tribuat,

456 3022 682 3085 careat
720 3024 945 3085 tamen
983 3013 1226 3086 effectu
1275 3036 1355 3085 ex
1411 3014 1719 3085 humanae
1773 3016 2143 3086 voluntatis
2197 3014 2617 3086 resistentia.

1477 3277 1602 3341 LV.

561 3475 957 3547 Sermonem
996 3475 1282 3559 Christi,
1326 3497 1531 3568 quem
1572 3477 1785 3549 refert
1820 3477 2256 3571 Evangelista
2289 3479 2616 3563 JoanncS,

458 3592 569 3676 VI,
615 3591 869 3678 35-59,
911 3594 1003 3665 ita
1040 3592 1521 3687 intelligimus,
1566 3604 1640 3664 ut
1693 3614 1828 3665 non
1884 3594 1949 3662 in
2006 3592 2377 3686 posteriori
2433 3605 2621 3686 parte

460 3716 718 3779 tantum
765 3708 891 3802 (vv.
938 3706 1220 3796 48-59),
1267 3709 1453 3801 quod
1502 3709 1701 3779 etiam
1756 3729 1835 3779 ex
1886 3708 2291 3780 auctoritate
2332 3710 2621 3781 Concilii

455 3822 838 3901 Tridentini
876 3823 1340 3895 certissimum
1381 3834 1514 3910 est,
1549 3823 1673 3895 sed
1712 3824 1870 3895 inde
1905 3824 1987 3895 ab
2019 3823 2244 3907 initio,
2290 3822 2405 3894 ubi
2444 3823 2623 3915 seip-

460 3958 608 4009 sum
656 3959 914 4031 ‘panem
965 3939 1122 4011 vitae
1174 3934 1503 4031 appellat,
1551 3940 1921 4012 intenderit
1972 3949 2174 4033 atque
2228 3938 2626 4030 promiserit

528 4171 601 4232 (¹)
638 4169 760 4224 Pius
789 4172 870 4235 lx,
899 4170 1001 4225 litt.
1031 4184 1116 4238 ap.
1147 4171 1332 4225 beatis.
1363 4175 1420 4244 Β.
1449 4174 1636 4238 Marg„
1670 4171 1727 4222 ¹9
1750 4173 1881 4237 Aug.
1917 4173 2056 4224 1864.

2382 4253 2465 4320 26
2531 4268 2543 4276 ·
