3175 5084
1280 560 1730 627 -271-

418 770 573 823 nem
609 747 993 844 requisitis.
1039 749 1299 823 Horum
1351 750 1659 824 omnium
1712 749 2055 846 quoddam
2109 750 2459 847 specimen
2512 749 2581 821 in

421 866 719 940 medium
756 865 1069 959 proferre
1102 866 1310 941 liceat
1338 863 1439 966 (1).

519 1011 557 1048 a
591 980 895 1067 Audisti,
935 982 1179 1066 amice,
1222 1003 1379 1077 quae
1415 981 1540 1054 tibi
1576 982 1665 1055 de
1701 983 1831 1056 boc
1866 982 2192 1077 paschate
2225 980 2393 1065 dixi,
2435 982 2586 1074 eius

422 1118 668 1192 nempe
727 1096 1015 1192 figuram
1075 1097 1290 1191 priori
1352 1097 1612 1193 populo
1677 1096 1899 1169 datam
1962 1097 2180 1171 fuisse
2241 1107 2310 1171 et
2366 1097 2587 1191 ipsius

420 1213 775 1287 veritatem
847 1213 1025 1286 inter
1093 1222 1340 1308 gentes
1401 1213 1610 1287 hodie
1670 1213 2192 1308 praedicari.‚...
2268 1214 2589 1288 Profecto

422 1351 627 1403 verus
679 1350 899 1424 agnus
961 1337 1070 1401 est
1131 1329 1443 1403 Salvator
1507 1338 1772 1415 noster,
1830 1330 2215 1414 anniculus,
2272 1330 2591 1424 idemque

425 1446 938 1533 immaculatae,
1001 1453 1210 1541 prout
1262 1445 1349 1519 de
1398 1468 1480 1519 eo
1530 1454 1823 1520 testatus
1872 1456 1981 1520 est
2042 1445 2375 1541 propheta
2436 1448 2511 1540 (2)
2565 1471 2584 1518 ι

425 1565 564 1638 Non
601 1575 704 1635 est
735 1566 810 1635 in
845 1565 991 1656 ipso
1023 1565 1386 1655 iniquitas,
1426 1583 1643 1655 neque
1691 1563 1889 1636 dolus
1921 1566 1994 1634 in
2029 1583 2143 1635 ore
2173 1564 2323 1653 ejus
2356 1565 2589 1635 inven-

426 1688 542 1749 tus
574 1688 710 1765 est‚·
765 1679 886 1751 sed
935 1680 1150 1752 voluit
1188 1680 1512 1751 Dominus
1545 1700 1701 1752 eum
1736 1680 2112 1771 deprimere
2143 1689 2211 1750 et
2244 1681 2597 1751 tormentis

427 1795 720 1867 tradere.
791 1795 1030 1869 Dictus
1100 1803 1209 1869 est
1280 1796 1670 1879 anniculus,
1746 1817 1829 1869 eo
1902 1797 2086 1894 quod
2157 1805 2596 1890 peecatorum

430 1910 777 1993 immuniS‚
819 1919 893 1982 ut
927 1910 1281 2004 parvuluS‚
1322 1911 1554 1985 fuerit.
1599 1909 1796 1984 Unde
1851 1912 2000 2004 ipse
2052 1911 2440 2005 discipulos
2492 1911 2597 1983 sic

430 2025 903 2118 alloquebatur
961 2023 1035 2124 (3)
1101 2051 1115 2097 :
1183 2030 1330 2101 Nisi
1388 2030 1693 2100 conversi
1750 2027 2029 2121 fueritis
2087 2040 2155 2100 et
2207 2029 2598 2118 efficiamini

429 2145 609 2214 sieut
638 2145 946 2235 parvuli,
984 2166 1117 2216 non
1152 2147 1502 2217 intrabitis
1552 2148 1628 2224 in
1680 2166 1964 2237 monum
2000 2148 2341 2217 coelorum.
2385 2145 2598 2217 Isaias

433 2278 595 2331 vero
630 2259 718 2331 de
745 2259 937 2351 justo
985 2259 1131 2332 haec
1184 2260 1384 2333 habet
1419 2259 1495 2352 (4)
1539 2285 1553 2331 ε
1599 2263 1781 2332 Puer
1829 2263 1949 2352 qui
1998 2272 2230 2351 peceat
2279 2261 2595 2332 maledie·

434 2376 604 2446 tioni
636 2377 918 2458 suberit,
963 2385 1029 2447 et
1062 2376 1208 2447 ideo
1243 2379 1595 2460 morietur,
1635 2399 1768 2448 non
1818 2397 2014 2449 secus
2065 2398 2147 2448 ac
2195 2397 2403 2448 senex
2445 2396 2595 2447 cen-

434 2503 582 2563 tum
619 2513 832 2566 annos
865 2506 1096 2565 natus.
1134 2534 1226 2546 ——
1258 2495 1474 2567 Porro
1511 2495 1822 2567 Salvator
1858 2501 2097 2566 noster
2133 2503 2332 2566 nocte
2370 2492 2597 2586 legali,

437 2629 589 2700 quae
642 2618 750 2681 est
803 2609 1068 2681 decima
1119 2619 1385 2703 quarta,
1433 2631 1687 2703 agnum
1740 2610 2129 2703 paschalem
2184 2631 2337 2681 cum
2390 2606 2598 2679 disci·

437 2725 621 2818 pulis
646 2724 982 2817 comedit,
1025 2726 1249 2819 iisque
1288 2727 1440 2799 loco
1476 2726 1826 2819 paschatis
1879 2726 2362 2820 praefigurativi
2401 2724 2602 2817 hujus

437 2840 991 2935 adimpletionem
1020 2842 1352 2914 exhibuit.
1390 2843 1760 2935 Postquam
1801 2842 1979 2914 enim
2017 2842 2101 2913 ab
2138 2841 2241 2915 eis
2277 2840 2609 2913 discessit
2636 2889 2653 2900 -

435 2957 676 3042 sudas,
717 2956 1012 3051 sumpsit
1060 2958 1268 3029 Jesus
1321 2977 1592 3051 panem,
1636 2957 1795 3031 huic
1833 2956 2206 3039 benedixit,
2255 2955 2600 3029 eumdem·

440 3094 572 3165 que
623 3071 816 3144 dedit
865 3072 1230 3166 discipulis
1283 3074 1457 3159 suiS‚
1516 3071 1758 3146 dicens
1812 3070 1898 3167 (s)
1955 3097 1969 3140 ι
2030 3073 2164 3145 Hoc
2212 3082 2312 3143 est
2363 3091 2607 3161 eorpus

438 3212 701 3274 meum;
754 3191 1041 3280 aecipite
1087 3202 1153 3263 et
1201 3192 1523 3264 comedite
1570 3212 1660 3263 ea:
1705 3212 1778 3263 eo
1824 3211 2073 3263 omnes.
2143 3190 2310 3260 Tum
2373 3188 2603 3260 vinum

442 3308 641 3381 etiam
697 3310 1147 3395 consecravit,
1208 3311 1339 3383 ista
1391 3310 1754 3405 proferens
1790 3307 1864 3407 (c)
1925 3336 1939 3381 :
1999 3312 2123 3382 Hie
2174 3321 2271 3382 est
2323 3310 2607 3408 sanquis

440 3447 629 3498 meus
695 3427 861 3499 Novi
933 3428 1362 3509 Testamenti,
1436 3429 1555 3518 qni
1610 3448 1732 3518 pro
1792 3426 2030 3498 multis
2097 3425 2476 3514 effunditur
2531 3427 2606 3494 in

441 3543 900 3613 remissionem
947 3553 1402 3632 peccatorum.
1449 3541 1731 3627 Quando
1783 3544 1856 3611 in
1908 3562 2123 3612 unum
2174 3542 2603 3620 convenietis,

440 3659 561 3728 hoe
626 3655 835 3750 facite
890 3660 965 3728 in
1026 3678 1244 3730 meam
1307 3659 2020 3730 commemorationem
2082 3656 2268 3728 Talia
2296 3681 2305 3698 ⁸
2329 3656 2605 3749 quidem

511 3936 583 3997 (t)
616 3933 877 4003 Wright.‚
904 3947 960 4001 p.
993 3919 1087 3994 bi
1122 3946 1275 4001 seqq.

510 4017 585 4082 (Ξ)
619 4016 776 4071 Ιδῡίω
801 4018 939 4082 Lm,
961 4019 1014 4081 9,
1042 4020 1123 4070 10.

509 4100 586 4162 (5)
621 4102 769 4154 Πῆῑῑ.
794 4100 976 4162 ΧὙΙΙΙ,
999 4103 1053 4152 ὅ.

512 4182 588 4245 (h)
623 4180 777 4236 1881ae
802 4183 943 4244 LXV,
970 4182 1055 4234 20.

512 4268 588 4330 (5)
625 4267 772 4319 Πῧῑῐ.
796 4266 969 4325 XXVI,
994 4265 1079 4318 26.

515 4348 588 4411 (6)
628 4347 786 4408 thid„
811 4360 896 4400 vv.
923 4348 987 4399 ‘27
1013 4352 1067 4400 et
1089 4347 1173 4400 28.
