3175 5084
361 654 689 729 mitteret.
734 681 769 716 >2
810 653 1085 724 Factum
1123 661 1230 723 est
1264 661 1488 725 autem
1523 652 1776 723 bellum
1815 651 1945 722 boc
1997 657 2305 743 tempore
2350 648 2528 723 Con-

358 769 627 851 stantii,
694 768 815 838 filii
881 768 1337 850 Constantini,
1399 768 1601 858 paulo
1646 775 1801 837 ante
1852 766 2053 837 linem
2104 765 2262 837 vitae
2311 764 2523 848 illius,

355 882 458 952 uti
507 891 576 952 et
628 903 711 953 ex
760 882 1046 952 historia
1088 881 1416 974 colligere
1453 881 1616 952 licet
1653 879 1753 972 (ι).
1798 881 1898 953 Ex
1933 879 2238 970 ejusdem
2294 879 2529 970 operis

355 997 522 1068 libri
575 997 661 1069 IV
714 997 936 1089 capite
993 995 1083 1066 29
1132 993 1230 1091 (a),
1273 997 1389 1067 ubi
1445 996 1748 1088 loquitur
1791 1003 2027 1066 auctor
2081 994 2166 1066 de
2220 1001 2528 1084 tempore

356 1112 666 1185 Valentis
717 1111 1176 1203 imperatoris,
1231 1113 1377 1182 haec
1419 1111 1745 1182 habemus
1796 1136 1809 1179 :
1858 1138 1893 1173 «
1929 1110 2024 1180 Ea
2078 1110 2288 1203 igitur
2331 1116 2528 1179 aetate

356 1228 527 1298 clari
560 1235 754 1299 erant
780 1228 1207 1319 Ephraemus,
1242 1226 1548 1309 Edessae,
1583 1236 1651 1297 et
1680 1225 2035 1318 Didymus,
2067 1224 2520 1307 Alexandriae,

356 1347 750 1416 scribentes
803 1353 1039 1415 contra
1091 1344 1438 1415 doctrinas
1490 1344 1758 1415 veritati
1797 1343 2191 1436 oppositas.
2236 1372 2271 1406 >2
2312 1344 2527 1413 Porro

356 1462 562 1532 etiam
602 1461 714 1531 hic
750 1481 978 1531 sermo
1015 1467 1122 1530 est
1158 1460 1244 1529 de
1281 1460 1366 1529 iis
1405 1480 1557 1551 quae
1605 1461 1732 1530 sub
1783 1460 1988 1529 finem
2033 1459 2192 1530 vitae
2225 1459 2527 1531 Valentis

354 1578 535 1646 facta
571 1584 760 1657 sunt,
805 1583 1010 1666 prout
1039 1575 1287 1645 iterum
1315 1594 1397 1644 ex
1427 1595 1652 1645 rerum
1689 1583 2034 1666 gestarum
2069 1572 2526 1664 scriptoribus

357 1693 657 1784 quisque
695 1690 964 1761 discere
1002 1698 1254 1780 potest.

456 1808 550 1877 Iis
608 1807 820 1899 igitur
878 1827 1028 1897 quae
1067 1806 1135 1874 in
1173 1812 1488 1896 promptu
1527 1812 1689 1876 sunt
1724 1804 2211 1896 praetermissis
2247 1803 2330 1873 ad
2368 1824 2522 1894 pro-

354 1923 688 1993 lixitatem
761 1921 1103 1993 sermonis
1173 1920 1515 1991 vitandam
1543 1978 1558 2003 ‚
1635 1920 2116 1992 verisimiliora
2197 1918 2525 1990 sectando

355 2046 685 2129 quantum
724 2057 1122 2127 possumus,
1164 2035 1570 2118 invenimus,
1612 2036 1772 2106 inde
1820 2057 1858 2104 a
1911 2045 2217 2126 tempore
2271 2034 2520 2125 prim0,

355 2173 439 2222 eo
480 2173 725 2242 nempe
763 2172 899 2243 quo
939 2150 1220 2241 scripsit
1258 2159 1493 2221 auctor
1543 2152 1658 2221 ille
1713 2153 1922 2222 Persa
1970 2153 2239 2241 priores
2289 2149 2526 2219 decem

355 2267 735 2348 Sermones,
778 2286 997 2357 usque
1034 2265 1115 2334 ad
1155 2264 1222 2333 id
1260 2273 1531 2355 tempus
1579 2287 1714 2357 quo
1769 2266 2005 2336 beatus
2060 2264 2202 2334 Mar
2246 2264 2523 2354 prrae-
2569 2278 2576 2285 ·

358 2401 523 2450 ωυε.
550 2388 792 2450 contra
826 2400 1097 2450 errores
1135 2379 1349 2451 libros
1386 2380 1627 2464 edidit,
1670 2380 1815 2452 sive
1852 2401 2015 2472 quc,
2058 2388 2217 2470 post
2250 2379 2522 2449 Nisibin

356 2516 395 2564 a
459 2495 698 2564 Persis
760 2502 1051 2585 captam,
1120 2515 1202 2564 ex
1265 2495 1390 2565 hac
1450 2495 1723 2566 civitate
1785 2515 2135 2589 egressuS,
2192 2493 2522 2567 Edessam

354 2619 664 2693 venerat,
698 2631 914 2680 annos
945 2610 1294 2681 effluxisse
1331 2610 1610 2681 circiter
1635 2611 2151 2703 quinquaginta.
2187 2609 2384 2695 Quod
2422 2609 2525 2678 sic

357 2723 727 2795 conficitur
788 2749 802 2795 ε
866 2724 1185 2815 ponimus
1235 2725 1317 2795 ab
1371 2733 1649 2796 auctore
1703 2734 1940 2796 nostro
1995 2726 2202 2795 Persa
2255 2723 2524 2815 priores

356 2841 519 2912 illos
560 2839 654 2909 10
690 2844 1040 2912 Sermones
1074 2841 1374 2933 scriptos
1409 2861 1566 2912 esse
1603 2841 1800 2912 annis
1839 2838 1882 2910 8
1919 2842 2036 2933 qui
2093 2840 2525 2931 imperatoris

354 2956 587 3026 fidelis
630 2956 1060 3026 Constantini
1104 2964 1391 3027 mortem
1441 2965 1970 3048 praecesserunt.
2010 2956 2080 3026 Si
2115 2975 2278 3026 vero
2310 2952 2351 3024 8
2382 2954 2522 3024 illis

355 3072 558 3141 annis
597 3071 995 3161 adjiciamus
1035 3069 1127 3140 25
1166 3093 1378 3142 annos
1414 3072 1666 3164 quibus
1704 3071 2013 3163 regnavit
2047 3069 2514 3149 Constantius,

326 3186 521 3257 'item
571 3193 713 3256 tres
763 3207 978 3256 annos
1032 3186 1283 3256 Juliani
1333 3194 1401 3257 et
1457 3186 1750 3269 Joviani,
1810 3207 1934 3277 per
1984 3204 2198 3255 annos
2253 3180 2344 3252 14
2392 3182 2518 3254 Va-

352 3302 563 3372 lentis
618 3300 1051 3393 imperatoris
1107 3304 1488 3392 completur
1543 3323 1805 3373 summa
1860 3299 1953 3371 50
2006 3320 2361 3382 annorum,
2420 3298 2517 3368 uti

354 3417 656 3487 diximus
691 3414 792 3509 (5).

356 3665 490 3712 Cum
516 3665 698 3712 autem
723 3666 935 3712 constet
958 3658 1168 3711 Nisibin
1201 3658 1475 3712 civitatem
1504 3667 1582 3711 ter
1608 3672 1637 3710 a
1663 3661 1867 3724 Sapore
1891 3659 2172 3711 obsessam
2195 3662 2338 3719 esse,
2363 3657 2523 3711 annis

355 3743 607 3796 videlicet
647 3745 764 3806 358,
805 3745 905 3796 5⁴6
942 3750 996 3796 et
1034 3747 1153 3807 351,
1195 3743 1414 3796 aliunde
1456 3755 1600 3805 vero,
1645 3747 1704 3794 ut
1749 3742 1922 3795 fusius
1961 3741 2424 3795 demonstrabitur
2464 3742 2518 3794 in

356 3829 522 3879 altera
573 3828 798 3891 hujusce
837 3826 1029 3891 opellae
1077 3834 1245 3892 parte,
1297 3826 1522 3878 minime
1568 3826 1793 3877 dubium
1843 3826 2107 3887 videatur,
2155 3828 2208 3879 S.
2257 3826 2518 3877 Iacobum

356 3923 405 3962 a.
432 3912 533 3962 558
558 3910 668 3962 vita
694 3908 957 3973 functum,
985 3909 1231 3974 sequitur
1254 3909 1396 3973 apud
1416 3907 1809 3960 Theodoretum
1830 3907 1897 3960 de
1917 3906 2091 3974 prima
2114 3905 2521 3974 oppugnatione

355 4005 667 4046 sermonem
696 3991 829 4046 fieri.
857 3994 1008 4058 Quod
1033 3991 1246 4060 egregie
1276 3989 1630 4045 confirmatur
1661 3991 1919 4058 anonymi
1962 3990 2270 4044 narratione
2297 3993 2354 4043 Β.
2384 3992 2441 4041 Ο.
2474 3991 2518 4053 1,

355 4089 448 4142 pp.
476 4077 541 4129 30
567 4081 622 4127 et
643 4078 724 4127 3¹.

418 4159 493 4221 (2)
533 4156 716 4222 Capite
741 4157 806 4209 26
827 4157 956 4210 edit.
981 4160 1027 4208 J.
1063 4160 1116 4211 L.
1142 4156 1385 4219 Scliulze3
1414 4157 1556 4221 apud
1583 4156 1779 4223 Migne,
1807 4163 1938 4211 tom.
1969 4158 2205 4210 Lxxxn.

421 4240 499 4302 (ὅ)
534 4237 591 4290 Si
614 4251 703 4290 res
727 4238 1030 4293 accuratius
1067 4238 1346 4304 dispiciam,
1375 4237 1646 4304 intelliges
1670 4250 1701 4289 a
1727 4244 1901 4290 morte
1937 4237 2276 4321 Constantini
2293 4240 2374 4301 La.
2401 4238 2520 4299 337)

2314 4319 2357 4383 3
