3175 5084
1521 461 1971 528 ..292-

661 655 1015 729 audiamus
1065 652 1232 725 illud
1287 651 1543 726 Christi
1589 649 1668 746 (t)
1712 675 1728 722 t
1774 653 1914 723 Non
1956 660 2057 722 est
2104 658 2403 721 vostrum
2439 669 2634 721 nosse
2669 659 2831 719 tem·

655 794 826 865 pora
850 773 957 843 vel
988 780 1351 852 momenta,
1384 788 1537 860 quoe
1573 769 1782 839 Pater
1808 768 2038 859 posuit
2071 767 2147 837 in
2181 779 2314 837 su‘a
2341 774 2696 857 potestate.
2742 765 2827 835 Et

664 890 795 963 hoc
826 896 1084 962 tantum
1106 886 1429 960 videntur
1452 885 1627 957 velle
1645 884 1716 954 S.
1743 881 2076 979 August„
2098 883 2164 952 in
2199 882 2828 965 Psalm.LXXX1X,

659 1027 728 1076 v.
770 1002 846 1088 4,
887 1003 1097 1091 Beda,
1149 1002 1271 1084 lib.
1313 1001 1403 1071 de
1452 999 1744 1072 Ratione
1796 1008 2010 1092 temp.
2070 1018 2134 1070 c.
2197 995 2313 1085 65,
2369 997 2718 1082 Pererius‚
2762 996 2833 1068 in

663 1121 915 1195 Genes.
950 1141 1013 1192 c.
1048 1120 1137 1203 ΙΙ,
1169 1140 1237 1189 v.
1263 1116 1338 1202 4,
1369 1117 1612 1188 Franc.
1648 1116 1922 1200 Suarez‚
1957 1115 2050 1184 111
2080 1136 2152 1207 p.
2182 1114 2368 1207 disp.
2393 1112 2515 1199 53,
2550 1121 2721 1186 sect.
2750 1111 2829 1197 4,

657 1238 1007 1330 Iosephus
1054 1233 1344 1316 Acesta,
1402 1233 1523 1306 lib.
1582 1233 1609 1301 1
1660 1231 1747 1303 de
1793 1232 2030 1323 Temp.
2090 1230 2455 1303 novissim.
2513 1251 2578 1302 c.
2636 1228 2708 1311 2,
2766 1238 2837 1303 et

658 1354 870 1449 aliqui
922 1353 1078 1437 alii,
1132 1350 1252 1445 qui
1301 1350 1482 1450 hunc
1531 1357 1928 1443 computum
1985 1369 2107 1420 sex
2157 1348 2444 1419 millium
2500 1368 2834 1419 annorum

659 1470 893 1543 mundi
931 1477 1294 1563 respuunt,
1337 1467 1659 1539 nimirum
1705 1465 1766 1538 si
1810 1464 2094 1537 definite
2138 1471 2207 1535 et
2251 1462 2544 1557 praecise
2578 1462 2836 1533 intelli·

658 1595 881 1680 gatur.
939 1583 1106 1656 Inde
1155 1582 1335 1655 enim
1388 1589 1827 1675 sequeretur,
1882 1580 1980 1651 uti
2031 1588 2218 1652 recte
2280 1579 2415 1671 ipsi
2465 1598 2834 1672 argumen-

654 1708 910 1785 tantur,
973 1719 1103 1771 nos
1149 1719 1357 1792 posse
1408 1697 1589 1770 scire
1638 1705 1707 1768 et
1756 1695 2061 1768 indicare
2112 1695 2404 1788 praecise
2464 1716 2714 1766 annum
2766 1701 2839 1766 et

658 1817 839 1889 diem
877 1814 1491 1888 consummationis
1529 1812 1764 1884 mundi
1818 1821 1885 1884 et
1938 1812 2223 1884 extremi
2251 1810 2523 1903 judicii,
2566 1811 2840 1884 scilicet
2928 1828 2931 1837 ·

659 1933 840 2005 diem
869 1930 1116 2024 judicii
1170 1931 1319 2003 fore
1372 1950 1547 2000 anno
1604 1927 1839 2000 mundi
1885 1927 2110 2020 primo
2146 1933 2309 2021 post
2346 1927 2574 2003 sexies
2613 1926 2834 1999 mille·
2954 2004 2961 2009 ,

659 2048 949 2132 simum,
1019 2045 1307 2138 ejusque
1376 2045 1601 2139 primo
1672 2044 1783 2115 die
1797 2100 1944 2115 .....
2022 2043 2329 2135 ldipsum
2400 2052 2623 2115 autem
2695 2064 2834 2115 non

659 2165 1001 2263 sequitur,
1042 2164 1104 2235 si
1156 2163 1338 2234 hunc
1389 2182 1746 2233 numerum
1802 2181 1924 2232 sex
1977 2160 2262 2231 millium
2318 2180 2648 2231 annorum
2694 2180 2834 2231 non

660 2278 1089 2352 arithmetice
1156 2285 1225 2350 et
1281 2276 1576 2371 praecise
1604 2334 1620 2358 ‚
1688 2276 1810 2348 sed
1874 2275 2296 2370 geometrice
2352 2280 2420 2347 et
2481 2274 2836 2346 moraliter

657 2394 992 2488 accipias,
1049 2392 1370 2464 nimirum
1417 2393 1552 2464 hoc
1605 2412 1815 2464 sensu
1870 2391 2055 2483 quod
2111 2390 2407 2462 mundus
2462 2390 2836 2462 duraturus

661 2510 753 2582 sit
810 2519 1070 2581 tantum
1134 2530 1256 2581 sex
1316 2508 1740 2580 millenarios
1805 2526 2164 2585 annorum,
2234 2526 2373 2576 non
2432 2506 2695 2597 plures,
2753 2526 2835 2577 ac

657 2624 949 2718 proinde
985 2646 1123 2696 non
1160 2634 1618 2718 perventurus
1648 2623 1739 2694 sit
1774 2623 1858 2694 ad
1895 2622 2158 2715 septies
2195 2616 2666 2704 millesimum,
2709 2619 2835 2692 sed

661 2746 816 2812 ante
853 2758 1007 2810 eum
1044 2738 1339 2811 desinet.
1376 2738 1478 2809 An
1516 2748 1740 2811 autem
1775 2747 1844 2810 et
1879 2747 2046 2831 quot
2081 2737 2263 2819 anni,
2299 2737 2407 2809 vel
2444 2735 2829 2830 simpliceS,

659 2855 769 2927 vel
833 2854 1017 2935 deni,
1080 2854 1190 2926 vel
1250 2854 1452 2926 etiam
1514 2853 1817 2936 centeni,
1883 2860 2046 2946 post
2106 2852 2333 2924 sexies
2396 2851 2835 2922 millesimum

662 2970 870 3043 futuri
934 2969 1075 3045 sint
1141 2975 1210 3042 et
1277 2969 1637 3041 exem-suri
1706 2990 1949 3041 versus
2020 2968 2282 3061 septies
2360 2964 2827 3050 millesimum,

661 3105 883 3179 usque
936 3085 1018 3156 ad
1074 3084 1277 3156 finem
1349 3084 1612 3169 mundi,
1654 3085 1786 3156 hoc
1838 3085 2260 3178 ignoramus,
2307 3081 2574 3154 Sufficit
2622 3094 2833 3153 nosse

663 3222 793 3274 nos
845 3201 1105 3274 versari
1164 3201 1234 3271 in
1294 3201 1536 3273 ultimo
1598 3201 1980 3272 millenario
2034 3220 2363 3271 annorum
2419 3197 2686 3280 mundi·;
2746 3219 2829 3268 an

662 3316 827 3412 q'uid
865 3318 927 3391 ei
966 3318 1355 3391 defuturum
1392 3318 1509 3402 sit,
1553 3339 1635 3389 an
1678 3320 2223 3412 superfuturum,
2266 3337 2394 3388 nos
2431 3316 2619 3387 latet.
2660 3342 2695 3379 »
2738 3355 2830 3367 --

661 3433 871 3505 Vides
907 3434 1186 3506 doctum
1224 3434 1667 3527 interpretem
1708 3434 1912 3506 simul
1967 3443 2034 3505 et
2087 3454 2277 3505 suam
2318 3450 2830 3524 promereksene

659 3547 970 3633 tentiam,
1030 3558 1099 3621 et
1147 3550 1215 3620 id
1268 3548 1529 3632 conari,
1574 3558 1646 3621 ut
1683 3548 2122 3620 difficultates
2178 3556 2384 3641 atque
2432 3554 2832 3639 argumenta

662 3684 815 3756 quae
849 3665 1108 3757 opponi
1144 3673 1437 3757 possent
1470 3671 1859 3758 opportuna
1914 3662 2360 3735 distinctione
2397 3661 2652 3733 eludat.
2698 3661 2830 3748 Qui

660 3788 946 3851 conatus
982 3787 1208 3850 utrum
1245 3778 1382 3872 ipsi
1413 3787 1487 3859 ¹et
1522 3779 1793 3851 veritati
1842 3778 2139 3850 feliciter
2175 3776 2469 3850 cesserit
2504 3775 2831 3870 indagare

665 3894 855 3966 nolo.

756 4010 1066 4095 Interim,
1108 4017 1185 4081 ut
1235 4031 1318 4084 eo
1370 4010 1644 4084 tandem
1698 4011 2052 4083 veniamus
2097 4031 2233 4103 quo
2270 4009 2354 4080 ab
2396 4008 2592 4081 initio
2630 4009 2830 4099 hujus

727 4266 797 4329 (¹)
832 4263 1070 4318 Aetnam
1098 4263 1290 4327 Apost.
1318 4263 1361 4328 1,
1388 4265 1436 4316 7.

2866 4978 2917 5025 A?
2934 4982 3093 5025 :ik-*L
