3175 5084
1440 429 1888 495 ..234..

587 571 894 688 ffumlioe
928 624 1167 692 tenore
1201 624 1272 689 et
1304 615 1697 688 disserendi
1735 615 1940 688 modo
1975 615 2081 687 sic
2118 615 2415 708 proponi
2451 627 2691 710 posset
2732 643 2751 690 ε

588 730 986 823 Aphraates,
1033 741 1108 803 ut
1158 732 1523 825 impactum
1574 730 1985 803 Christianis
2044 730 2449 804 idololatriae
2496 732 2760 812 crimen

590 846 904 940 repellat,
944 868 1082 919 non
1127 846 1321 919 affert
1356 846 1490 920 nisi
1527 846 1840 939 exempla
1871 848 2216 920 variorum
2252 846 2600 920 hominum
2639 848 2761 943 qui

591 970 876 1055 propter
919 961 1279 1055 dignitatis
1328 960 1476 1034 sive
1521 960 1827 1034 muneris
1875 961 2347 1033 excellentiam
2392 961 2652 1055 passim
2689 964 2762 1038 in

592 1077 970 1172 Scripturis
1017 1078 1114 1149 dii
1154 1086 1511 1163 vocantur,
1577 1086 1692 1151 aut
1735 1078 2059 1154 dicuntur
2120 1078 2244 1151 filii
2306 1078 2458 1164 Dei,
2523 1080 2763 1175 utique

592 1191 987 1286 adoptione,
1029 1215 1166 1268 non
1203 1200 1467 1276 natura,
1506 1194 1616 1267 vel
1653 1194 1908 1288 quihus
1942 1193 2250 1265 adoratio
2297 1215 2484 1267 mere
2535 1194 2765 1269 civilis

593 1332 630 1381 a
688 1308 859 1382 viris
915 1310 1118 1383 etiam
1174 1309 1638 1383 sanctissimis
1699 1310 1998 1384 exhibita
2052 1318 2193 1391 est;
2247 1331 2288 1381 a
2340 1311 2488 1404 pari
2551 1311 2769 1406 igitur

595 1424 909 1498 Christus
946 1425 1281 1498 dicendus
1315 1434 1424 1499 est
1457 1425 1643 1498 filius
1663 1426 1787 1497 Dei
1822 1425 2223 1518 adoptivus;
2257 1424 2321 1498 ei
2351 1447 2486 1498 non
2511 1427 2760 1512 latriae,

596 1565 749 1638 quae
785 1544 1063 1616 Summo
1106 1542 1383 1615 Numini
1431 1542 1712 1637 propria
1746 1551 1877 1627 est,
1921 1543 2045 1616 sed
2091 1542 2440 1616 inferioris
2476 1543 2767 1617 rationis

596 1659 825 1732 cultus
865 1658 1179 1731 debetur.
2204 1657 2217 1668 “

695 1773 1141 1862 Quantumvis
1176 1774 1323 1846 baec
1357 1774 1585 1847 fucum
1626 1775 1881 1847 faciant
1915 1783 1985 1847 et
2021 1773 2510 1847 obscuritatem
2547 1774 2609 1846 ei
2645 1775 2768 1868 qui

596 1910 710 1961 res
771 1888 995 1960 minus
1049 1887 1423 1982 diligenter
1468 1889 1886 1973 considerat,
1940 1888 2196 1962 nemini
2256 1897 2508 1973 tamen,
2565 1896 2764 1983 put0,

597 2003 797 2077 facile
831 2004 1451 2097 persuadebuntur.
1496 2007 1568 2079 Si
1607 2007 1787 2079 enim
1824 2007 2180 2079 conclusio
2219 2006 2351 2080 ista
2385 2015 2573 2079 recte
2609 2026 2771 2079 sese

599 2122 898 2205 haberet,
927 2121 1069 2215 jam
1104 2132 1367 2207 auctor,
1411 2124 1527 2217 qui
1586 2124 1654 2196 in
1707 2120 1868 2216 ipso
1919 2125 2438 2195 Discat-tationis
2483 2122 2769 2196 exordio

598 2238 894 2310 divinam
931 2239 1187 2311 Christi
1241 2239 1513 2312 Domini
1567 2248 1872 2339 naturam
1926 2248 2160 2331 aperte
2213 2239 2573 2333 professus
2627 2246 2767 2321 est,

600 2352 666 2424 in
706 2353 1156 2447 sequentibus
1192 2376 1328 2426 non
1367 2355 1593 2427 minus
1629 2363 1862 2447 aperte
1897 2354 2031 2426 sibi
2067 2353 2596 2427 contradiceret.

697 2470 1158 2554 Nihilominus
1211 2492 1349 2543 non
1400 2491 1733 2565 negamus
1793 2492 1947 2565 quae
2007 2470 2094 2543 de
2156 2469 2359 2542 modo
2411 2490 2774 2564 argumen-

598 2585 786 2658 tandi
848 2585 1209 2679 Aphraatis
1268 2595 1532 2659 asserta
1593 2592 1788 2670 sunt;
1852 2606 2089 2659 verum
2153 2584 2256 2668 is,
2324 2606 2461 2679 quo
2522 2585 2767 2671 utitur,

599 2724 973 2799 processus
1024 2703 1441 2778 sufficienter
1493 2702 1898 2796 explicatur,
1940 2702 2001 2774 si
2054 2701 2427 2776 scribentis
2479 2722 2772 2794 scopum

600 2840 744 2913 prae
778 2817 1000 2891 oculis
1037 2818 1317 2893 habeas,
1354 2817 1542 2890 Nihil
1577 2819 1846 2893 scilicet
1898 2816 2275 2891 intenditur
2325 2816 2510 2892 aliud
2565 2838 2773 2910 quam

599 2934 993 3008 Judaeorum
1054 2935 1452 3007 confutatio.
1522 2936 1646 3008 Isti
1715 2957 1952 3028 porro,
2017 2956 2146 3028 pro
2216 2933 2424 3006 nimia
2491 2955 2615 3006 sua
2684 2933 2771 3007 ad

601 3059 879 3124 externa
925 3059 993 3123 et
1043 3049 1525 3123 caerimonialia
1576 3049 2067 3144 propensione,
2112 3050 2199 3122 de
2254 3048 2544 3122 internis
2598 3048 2770 3121 fide-

604 3167 768 3239 lium
806 3166 1127 3239 sensibus
1161 3166 1274 3239 vix
1311 3165 1622 3251 solliciti,
1683 3165 2130 3260 inquisitione
2183 3165 2271 3237 de
2318 3185 2480 3238 vera
2513 3163 2771 3237 Christi

603 3295 840 3357 natura
874 3292 945 3357 et
981 3282 1315 3376 dignitate
1348 3282 1492 3354 fere
1525 3283 1943 3375 posthabita,
1981 3282 2170 3354 litem
2227 3281 2489 3354 directe
2537 3302 2770 3354 move-

575 3396 766 3474 bant
799 3402 885 3472 de
921 3400 1314 3472 nominibus
1349 3399 1572 3471 eidem
1629 3398 1869 3471 inditis
1922 3407 1991 3471 et
2040 3398 2124 3471 de
2179 3397 2599 3472 adorationis
2635 3397 2773 3491 ipsi

605 3516 925 3589 exhibitae
955 3515 1325 3600 vocabulo;
1385 3515 1612 3588 cultus
1648 3514 1824 3607 ejus,
1867 3513 2090 3608 qualis
2126 3511 2304 3607 apud
2345 3512 2773 3586 Christianos

606 3632 872 3707 institui
898 3639 1371 3716 consueverat,
1408 3630 1710 3715 modum,
1741 3627 2256 3723 expressiones,
2288 3627 2473 3701 varia
2500 3627 2772 3700 demum

606 3748 806 3843 signa
838 3747 920 3820 ad
958 3746 1277 3820 trutinam
1310 3746 1671 3831 vocabant,
1705 3745 1852 3819 haec
1887 3744 2449 3829 criminabantur,
2489 3750 2775 3836 propter

606 3865 755 3936 haec
803 3861 1293 3957 blasphemiam
1350 3861 1866 3934 conclamabant
1920 3868 1989 3932 et
2043 3857 2521 3933 idololatriam.
2575 3856 2771 3950 Ejus·

607 3979 791 4053 modi
829 3977 1377 4053 accusationibus
1412 3976 1672 4071 duplici
1706 3976 1815 4050 via
1852 3975 2257 4069 responderi
2293 3981 2564 4068 poterat
2605 3997 2620 4043 z
2664 3973 2772 4046 vel

608 4094 1139 4168 demonstrando
1202 4093 1544 4166 Christum
1616 4112 1779 4168 vero
1849 4100 1919 4165 et
1984 4090 2270 4185 proprio
2341 4111 2580 4173 sensu,
2647 4109 2767 4162 seu

608 4220 869 4295 natura,
913 4230 1071 4283 esse
1108 4210 1227 4282 Dei
1267 4208 1534 4295 Filium,
1587 4230 1666 4282 ac
1702 4205 1901 4303 proin
1940 4208 2298 4281 latreutico
2333 4207 2520 4279 cultu
2558 4206 2769 4279 hono·
