3175 5084
1518 480 1958 550 ...200-

778 787 864 856 11.
924 786 1396 877 Expediuntur
1423 787 1805 876 peculiares
1838 788 2276 877 difficultates
2307 808 2460 879 quoe
2494 797 2724 859 contra

1089 905 1396 977 Homiliae
1429 905 1525 976 XI
1534 906 1586 976 V
1608 911 1956 998 γνησιότητα
1989 906 2396 994 afferuntur.

760 1122 1192 1206 Antonellus,
1233 1123 1352 1216 qui
1385 1126 1738 1197 Sermonm
1767 1145 1849 1198 ex
1886 1125 1976 1202 iis
2005 1146 2182 1218 quos
2231 1124 2449 1197 edidit
2497 1124 2822 1196 duodevi-

664 1238 841 1330 ginti
866 1238 939 1311 S.
970 1238 1226 1311 Jacobo
1254 1239 1587 1313 Nisibeno
1612 1240 1878 1326 tribuit,
1912 1240 1998 1313 de
2028 1240 2268 1312 ultimo
2299 1237 2588 1334 (ed.Wr.
2625 1239 2821 1330 xlv),

662 1354 779 1445 qui
839 1352 1022 1425 circa
1069 1353 1360 1426 dissidia
1409 1359 1477 1426 ct
1529 1355 1899 1427 schismata
1958 1354 2024 1425 in
2077 1355 2335 1448 populo
2390 1354 2574 1426 fideli
2623 1363 2825 1448 atque

663 1469 851 1539 clero
918 1477 1151 1540 exorta
1217 1478 1552 1553 versatur,
1624 1470 1875 1542 dubius
1938 1470 2250 1553 haesitat,
2317 1469 2401 1540 ad
2463 1490 2825 1562 quemnam

664 1592 1010 1662 auctorem
1046 1585 1446 1657 referendus
1499 1586 1627 1669 sit;
1687 1594 1755 1657 et
1803 1587 1872 1656 in
1924 1586 1992 1657 id
2042 1587 2478 1657 vehementer
2526 1607 2825 1679 propeno

546 1725 552 1736 ·
663 1700 804 1772 det.
847 1708 921 1771 ut
955 1702 1348 1793 pronuntiet
1383 1724 1532 1775 eum
1572 1724 1654 1774 ex
1691 1704 1824 1774 alio
1873 1702 2059 1774 fonte
2115 1703 2515 1776 manavisse.
2557 1702 2828 1796 Allegat

663 1823 886 1887 autem
922 1816 1222 1889 rationes
1258 1817 1459 1909 hujus
1494 1817 1916 1889 discriminis
1952 1828 2278 1912 quatuor;
2312 1841 2466 1912 quae
2495 1826 2563 1891 et
2589 1827 2831 1891 contra

665 1932 1108 2024 Aphraatem,
1163 1933 1223 2004 si
1272 1933 1814 2018 admitterentur,
1876 1954 1958 2006 eo
2012 1942 2221 2006 sensu
2269 1935 2406 2006 vim
2457 1934 2825 2015 haberent,

666 2050 850 2142 quod
897 2056 1300 2142 sequeretur
1347 2050 1552 2122 alium
1605 2071 1762 2122 esse
1814 2052 2129 2141 Epistoloe
2176 2053 2351 2133 XIV,
2405 2051 2609 2122 alium
2664 2051 2827 2121 reli-

668 2186 951 2257 quarum
1011 2167 1467 2256 Epistularum
1529 2166 1961 2258 scriptorem.
2033 2166 2195 2237 Ideo
2264 2166 2350 2237 de
2411 2166 2550 2237 illis
2610 2187 2832 2258 pauca

666 2279 1073 2351 subnectere
1115 2280 1336 2351 visum
1387 2291 1519 2353 est.
1565 2283 1710 2368 Qua
1760 2281 2020 2353 ratione
2070 2303 2186 2354 eas
2233 2291 2572 2375 proponat
2618 2282 2832 2354 Anto-

670 2397 893 2467 nellus
928 2395 1277 2469 audiamus
1311 2393 1414 2494 (sp

769 2540 805 2575 «
846 2513 1248 2596 Sermonem,
1288 2515 1405 2597 ait,
1458 2536 1578 2586 seu
1628 2514 1861 2606 potius
1895 2515 2264 2604 Epistulam
2311 2536 2464 2607 quae
2515 2516 2832 2607 sequitur

670 2649 826 2700 esse
881 2628 952 2700 S.
995 2628 1231 2700 Jacobi
1282 2630 1566 2702 maxime
1618 2630 1857 2702 dubito
1900 2656 1914 2700 ε
1959 2631 2252 2723 primum
2302 2630 2461 2723 quia
2511 2632 2693 2701 nulla
2739 2632 2829 2704 de

670 2763 750 2819 ea·
802 2747 1056 2819 mentio
1103 2756 1210 2818 est
1255 2748 1432 2840 apud
1478 2747 1924 2828 Gennadium,
1984 2748 2102 2839 qui
2151 2748 2342 2818 solus
2394 2769 2475 2818 ex
2525 2747 2829 2840 antiquis

669 2884 953 2957 operum
991 2863 1062 2933 S.
1104 2863 1424 2934 Doctoris
1461 2863 1772 2936 Nisibeni
1808 2863 2188 2956 catalogum
2236 2862 2435 2934 nobis
2480 2861 2821 2945 exhibuit;

671 2978 977 3052 secundo
1013 2978 1171 3071 quia
1224 2979 1374 3071 ipse
1423 2979 1743 3050 librarius
1794 2978 1910 3071 qui
1963 2978 2274 3048 codicem
2310 2977 2594 3070 scripsit
2628 2979 2711 3048 de
2748 2999 2828 3049 ea
2922 2999 2927 3010 ²

666 3095 945 3175 dubius,
987 3100 1321 3185 quatenus
1358 3116 1438 3165 ex
1476 3094 1698 3187 ipsius
1736 3092 1990 3176 verbis,
2032 3114 2185 3185 quae
2234 3092 2518 3164 inferius
2563 3094 2826 3165 adscri-

669 3210 845 3292 bam,
888 3208 1278 3299 conject'ura
1314 3210 1589 3301 assequi
1628 3230 1938 3301 possum,
1993 3208 2208 3280 fuisse
2256 3209 2558 3291 videtum
2621 3212 2825 3281 tertio

667 3327 823 3421 quia
887 3327 1114 3409 stiluS,
1180 3325 1424 3397 modus
1485 3347 1563 3396 ac
1623 3326 1794 3396 ratio
1856 3325 2203 3397 scribendi
2266 3324 2625 3397 dissimilis
2684 3336 2819 3409 est,

667 3441 1080 3534 minimeque
1132 3462 1286 3513 cum
1339 3441 1815 3534 superioribus
1866 3444 2294 3513 Ser-monibus
2337 3461 2459 3513 seu
2508 3443 2826 3530 Epi-stolis

666 3558 1148 3639 consentiens;
1231 3557 1500 3629 demum
1580 3558 1741 3651 quia
1807 3561 2107 3649 Epistola
2187 3557 2515 3651 synodica
2582 3567 2690 3629 est
2756 3568 2825 3629 et

667 3675 1032 3745 multorum
1081 3673 1354 3745 nomine
1405 3673 1688 3766 scripta,
1749 3693 1885 3743 non
1933 3681 2153 3744 autem
2206 3673 2276 3744 S.
2337 3673 2574 3744 Jacobi
2622 3673 2822 3766 Epis-

664 3790 847 3883 copi,
890 3788 1088 3879 cujus
1121 3810 1345 3882 neque
1382 3810 1656 3875 nomen,
1702 3810 1923 3883 neque
1967 3789 2384 3883 episcopalis
2418 3789 2720 3883 dignitas
2755 3800 2825 3861 et

659 3893 1056 3990 auctoritas,
1132 3906 1448 3999 nullaque
1517 3906 1670 3994 alia,
1743 3928 1896 3998 quae
1932 3906 2189 3999 aliqua
2257 3927 2339 3980 ex
2407 3915 2598 3998 parte
2669 3926 2820 3978 eum

656 4029 1001 4116 auctorem
1039 4018 1256 4092 fuisse
1289 4020 1587 4093 obscure
1619 4020 1860 4092 saltem
1897 4020 2229 4106 indicent,
2270 4026 2619 4115 apparent.
2673 4048 2708 4084 »

721 4302 796 4369 (¹)
832 4299 921 4352 Csr
965 4301 1019 4354 S.
1046 4300 1251 4365 Jacob„
1278 4301 1379 4365 Ep.
1404 4300 1610 4365 Nisib„
1635 4301 1902 4364 sermon„
1927 4315 1983 4367 p.
2009 4302 2126 4355 40¹.
