3175 5084
1214 520 1284 533 -
1376 483 1495 550 211
1588 519 1683 572 -„

365 672 591 765 pergit
645 697 659 742 ε
719 700 755 736 «
801 672 933 745 Per
983 669 1186 748 fldem
1246 671 1484 755 Josue,
1540 668 1718 739 Nnni
1771 668 1979 753 tilius,
2036 670 2241 743 etiam
2293 658 2525 751 muros

363 787 785 860 Jeriehontis
820 787 1185 873 subvertit,
1225 794 1361 860 etc.
1409 814 1447 850 ι)

464 904 716 978 Eadem
778 925 985 998 porro
1047 906 1171 977 hae
1232 904 1391 975 illae
1451 902 1875 995 exspatiandi
1936 903 2212 978 lieentia
2280 909 2522 983 nullibi

365 1019 594 1091 forsan
633 1020 1049 1092 luculentius
1098 1039 1254 1093 sese
1306 1016 1690 1090 manifestat
1734 1038 1936 1111 quam
1985 1018 2054 1090 in
2097 1023 2413 1113 Epistoloe
2443 1027 2528 1099 de

352 1134 619 1231 jejunio
653 1133 729 1226 ἓξ
767 1135 837 1220 7,
880 1133 923 1205 8
974 1144 1043 1208 et
1090 1135 1135 1206 9
1175 1131 1277 1233 (1).
1322 1135 1397 1204 In
1448 1154 1530 1206 eo
1583 1133 1765 1219 1000,
1822 1155 1978 1206 oum
2024 1136 2190 1209 veiit
2237 1139 2526 1234 Sapiens
2588 1225 2593 1232 .

369 1252 579 1324 Persa
627 1252 975 1326 declarare
1027 1250 1369 1346 quodnam
1409 1249 1741 1341 Jejunium
1795 1251 1937 1323 Deo
1989 1252 2082 1325 sit
2129 1266 2524 1351 acceptum,

370 1373 687 1459 tanquam
738 1368 1083 1460 exemplar
1133 1374 1460 1440 memorat
1512 1386 1592 1437 ao
1639 1366 2067 1439 commendat
2120 1370 2528 1447 Mardoehaei

369 1488 438 1553 et
469 1482 782 1554 Estheris
809 1483 1169 1575 jejunium,
1211 1504 1347 1576 quo
1394 1481 1508 1553 isti
1551 1502 1690 1552 non
1746 1481 1949 1555 modo
1997 1504 2189 1555 suam
2241 1491 2528 1581 popula·

372 1597 684 1691 riumque
742 1619 1020 1670 suorum
1083 1597 1396 1680 salutem,
1457 1615 1690 1667 verum
1738 1596 1940 1668 etiam
1991 1598 2269 1673 Amanis
2330 1602 2529 1675 Ama·

374 1712 592 1784 leeitae
627 1722 913 1784 mortem
950 1712 1332 1784 obtinuere.
1368 1708 1567 1795 Tum,
1611 1710 1789 1782 facto
1826 1711 1985 1784 inde
2023 1713 2246 1801 initio,
2286 1737 2532 1792 causas

375 1827 661 1921 inquirit
703 1829 843 1900 odii
894 1848 1032 1921 quo
1079 1826 1292 1899 Aman
1341 1827 1622 1899 Judaeos
1674 1829 2243 1921 prosequebatur,
2293 1833 2536 1929 sieque

375 1964 457 2015 eo
504 1943 781 2015 devenit
830 1952 904 2015 ut
955 1943 1288 2037 integram
1342 1943 1555 2014 ferme
1604 1941 2125 2014 Amaleoitarum
2179 1946 2533 2021 historiam

377 2079 457 2130 ex
492 2059 720 2130 Sacris
759 2058 985 2130 Libris
1020 2058 1375 2151 depromat
1404 2065 1607 2149 atque
1645 2056 1979 2128 exhibeat.
2020 2059 2197 2131 Hinc
2228 2064 2537 2140 ostendit

378 2175 722 2268 quomodo
783 2175 1250 2247 Mardoehaeus
1300 2174 1457 2266 jure
1518 2172 1760 2244 merito
1820 2170 2059 2245 Amani
2112 2176 2536 2254 adorationis

379 2291 599 2362 civilis
649 2292 975 2362 honorem
1028 2289 1503 2382 denegaverit,
1559 2287 1718 2359 dein
1768 2307 1892 2359 our
1941 2280 2331 2365 Amaleo'rtae
2378 2302 2535 2370 ante

379 2427 619 2478 omnes
688 2407 855 2479 alias
918 2407 1448 2479 Chananaeorum
1506 2403 1725 2475 tribus
1778 2404 2088 2478 Hebraeis
2139 2408 2223 2479 ad
2290 2419 2539 2484 terram

379 2523 787 2617 promissam
845 2523 1283 2596 tendentibus
1345 2522 1685 2593 obsistere
1741 2522 1967 2593 eonati
2026 2523 2202 2609 sint,
2266 2528 2539 2601 tandem
2672 2593 2683 2608 ,

379 2660 587 2731 quare
640 2639 936 2723 EsavuS,
989 2661 1029 2710 a
1069 2661 1206 2732 quo
1254 2637 1647 2708 Amaleeitae
1700 2656 1920 2730 genus
1973 2637 2351 2726 ducebant,
2406 2645 2535 2716 sub

378 2753 607 2824 fratris
664 2752 903 2825 Jaoohi
962 2762 1302 2846 potestate
1362 2752 1567 2823 fuerit
1635 2751 1719 2822 ab
1786 2751 2019 2824 Isaaco
2088 2755 2532 2830 constitutus.

379 2868 540 2952 Sed,
584 2891 720 2963 quo
770 2890 884 2941 res
932 2867 1185 2941 clarior
1237 2868 1376 2952 fiat,
1421 2868 1648 2960 ipsum
1697 2866 2105 2958 Aphraatem
2153 2871 2529 2947 audiamus.

482 3013 518 3050 «
550 2985 893 3071 Animum,
934 2986 1053 3068 ait,
1095 2984 1431 3067 attendas,
1484 2982 1867 3054 carissime.
1916 2983 2257 3074 Jejunium
2293 3009 2536 3083 aecep-

377 3111 519 3173 tum
581 3102 764 3196 quod
827 3101 1277 3174 observarunt
1337 3099 1806 3172 Mardoohaeus
1875 3110 1944 3173 et
2011 3102 2285 3191 Esther,
2350 3108 2535 3199 quod

377 3219 698 3291 omnihus
733 3219 1065 3292 Israelitis
1101 3228 1372 3292 scutum
1410 3218 1652 3291 salutis
1688 3218 1838 3302 suit,
1881 3241 2019 3314 quo
2056 3221 2257 3294 etiam
2294 3245 2535 3320 super-

381 3335 558 3407 biam
603 3336 908 3422 Amanis,
959 3337 1425 3429 persecutoris
1475 3337 1609 3420 sui,
1663 3335 2180 3429 depresserunt,
2244 3341 2368 3413 tibi
2417 3366 2533 3418 ex-

379 3474 651 3546 ponam.
689 3453 878 3523 Tuno
926 3452 1107 3523 enim
1150 3451 1429 3524 Amanis
1476 3452 1800 3545 iniquitas
1837 3462 1905 3525 et
1939 3455 2228 3528 consilia
2262 3458 2536 3535 fraudu-

380 3569 562 3641 lenta
596 3568 663 3637 in
701 3575 904 3659 caput
937 3567 1086 3658 ejus
1120 3587 1452 3639 conversa
1503 3576 1696 3651 sunt;
1734 3566 1999 3658 judicio
2048 3592 2184 3663 quo
2222 3572 2534 3665 judicare

380 3683 652 3755 volebat
682 3681 809 3753 fuit
844 3681 994 3775 ipse
1021 3681 1393 3772 judicatus,
1436 3704 1751 3754 mensura
1786 3706 1919 3777 qua
1965 3685 2061 3756 uti
2110 3695 2538 3783 proponebat

384 3820 546 3892 erga
580 3820 731 3871 eum
768 3797 1067 3894 adhibita
1102 3809 1233 3883 est,
1274 3809 1344 3872 et
1378 3800 1562 3892 quod
1600 3801 1668 3870 in
1702 3801 1876 3874 alios
1914 3802 2366 3880 meditabatur
2399 3810 2539 3904 ipsi

385 3914 635 3988 evenit.
712 3915 1150 3986 Peoeatorum
1239 3937 1516 3987 suorum
1586 3917 1830 4010 laqueo
1899 3921 2318 3995 constrictus
2386 3937 2535 4014 est,

385 4026 644 4104 divitiae
712 4028 963 4121 quibus
1032 4029 1449 4124 gloriabatur
1510 4053 1662 4103 eum
1727 4055 1859 4105 non
1925 4036 2262 4110 comitatae
2332 4050 2536 4131 sunt,

455 4288 527 4351 (ί)
560 4293 657 4353 Δρ.
686 4288 937 4356 Wright„
964 4303 1015 4355 p.
1054 4276 1110 4349 D
1150 4304 1265 4358 seq.
