3175 5084
1443 490 1895 556 „148-

583 690 974 774 assumpta,
1040 678 1208 752 exiit
1253 678 1323 749 in
1374 678 1729 773 regionem
1791 677 2261 771 peregrinam
2333 675 2469 748 fide
2531 674 2747 748 audax
2845 736 2864 740 -
2975 742 2991 747 -

583 798 827 878 factna.
875 794 943 866 in
973 794 1335 889 AEgyptios
1372 792 1747 865 infremuit.
1799 821 1835 858 »

683 914 872 986 Hane
903 914 972 986 S,
1008 911 1223 984 lsaaci
1259 910 1796 1003 descriptionem
1831 917 1900 980 et
1937 906 2515 980 enumerationem
2555 906 2750 980 valde

583 1030 849 1102 affinem
883 1049 1042 1102 ease
1076 1026 1529 1120 descriptioni
1567 1025 1913 1119 Sapientis
1952 1025 2185 1097 Persae
2219 1031 2413 1095 antea
2449 1023 2752 1095 recitatae

583 1146 951 1238 anianique
995 1143 1276 1216 evidens
1321 1151 1449 1215 est.
1497 1143 1740 1215 Utrum
1791 1149 2014 1213 autem
2071 1140 2281 1212 altera
2331 1138 2414 1210 ad
2472 1138 2751 1210 alteram

583 1262 931 1334 efformata
979 1261 1099 1343 sit,
1153 1279 1378 1343 nemo,
1441 1258 1578 1329 nisi
1634 1278 1780 1330 mea
1842 1278 1949 1329 me
2009 1257 2183 1328 fallit
2241 1255 2512 1348 opinio,
2569 1262 2753 1326 certa

583 1378 831 1446 fidaeia
867 1374 1306 1470 pronuntiare
1339 1374 1621 1466 poterit,
1663 1395 1746 1450 eo
1796 1374 1904 1446 vel
1958 1372 2177 1466 magis
2231 1371 2414 1465 quod
2462 1377 2753 1463 uterque

583 1494 883 1586 aeripter
927 1488 1242 1584 Apostoli
1291 1489 1481 1560 Pauli
1538 1493 1663 1580 Ep.
1718 1490 1810 1561 ad
1858 1491 2053 1572 Heb„
2108 1489 2229 1573 XI,
2272 1494 2552 1560 secutus
2596 1506 2756 1557 esse

579 1610 911 1682 videatur.
955 1605 1266 1678 Attamen
1315 1626 1471 1678 cum
1508 1626 1593 1676 ex
1629 1604 2148 1698 comparatione
2185 1604 2366 1676 inter
2401 1603 2756 1675 amborum

583 1730 907 1794 traetatna
967 1723 1050 1793 dc
1085 1719 1350 1818 jejunio
1414 1719 1727 1791 instituta
1792 1718 2331 1792 intellexerimus
2392 1715 2758 1810 Aphraatis

583 1858 791 1930 opera
851 1838 1084 1908 Iaaaco
1144 1835 1361 1906 fuisse
1424 1834 1733 1926 apprime
1798 1833 2076 1928 cognita
2123 1830 2226 1931 (1),
2279 1831 2758 1925 probabilitate

587 1954 827 2022 saltem
887 1970 1025 2022 non
1087 1949 1349 2021 carebit
1407 1949 1748 2020 sententia
1811 1963 1965 2042 quae
2025 1946 2426 2030 affirmabit,
2502 1945 2759 2039 prioris

585 2070 943 2138 Henetiam
975 2066 1060 2136 dc
1091 2065 1227 2152 fide
1272 2063 1642 2156 posteriori
1696 2062 1876 2135 idem
1932 2070 2405 2157 argumentum
2458 2058 2761 2134 versanti

587 2182 739 2254 nani
779 2182 1020 2254 fniaae.

683 2454 719 2542 ξ
771 2450 839 2526 2.
903 2471 978 2522 aa
1031 2470 1459 2523 nmsromnuu
1512 2469 1858 2522 arnallus
1913 2469 2215 2522 vnasmun
2276 2468 2651 2521 ARMEmAcA.

691 2670 855 2738 Gntn
891 2669 1206 2758 Epistoloe
1237 2665 1601 2759 Aphraatis
1657 2665 1727 2734 in
1783 2663 1978 2758 Syria
2030 2664 2180 2757 ipsa
2210 2650 2649 2756 jampridem,
2686 2671 2767 2735 ut
2821 2672 2850 2682 “

591 2782 659 2854 in
695 2782 1119 2874 paragrapho
1153 2780 1511 2874 superiore
1549 2780 1875 2863 vidimuS,
1918 2779 2265 2852 oblivione
2294 2800 2469 2872 pene
2496 2779 2764 2851 obrutae

591 2898 755 2982 nint,
799 2897 1196 2970 anctoritate
1234 2896 1302 2967 in
1339 2895 1559 2989 patria
1595 2903 1841 2989 negata
1897 2894 2074 2987 apud
2130 2893 2493 2967 Armenios
2546 2905 2764 2966 auctae

595 3022 779 3086 aunt..
847 3014 1000 3086 Mox
1060 3012 1303 3097 enim:
1340 3013 1409 3083 in
1471 3010 1953 3083 Armeniorum
2023 3011 2323 3104 linguam
2384 3010 2759 3095 translatae,

595 3138 1031 3226 praestantem
1102 3129 1169 3199 in
1239 3129 1494 3201 litteris
1564 3128 1752 3199 illius
1833 3126 2064 3220 gentis
2143 3128 2369 3199 locum
2433 3123 2766 3218 deinceps

595 3246 978 3318 obtinuere.
1047 3244 1180 3315 Sed
1243 3264 1324 3315 cx
1387 3243 1618 3316 causis
1686 3244 1797 3314 vel
1866 3242 2205 3333 adjunctis
2272 3241 2474 3313 nobis
2542 3242 2768 3313 adhuc

599 3359 1043 3454 incompertis
1095 3360 1347 3431 factum
1397 3366 1530 3443 est,
1584 3367 1660 3430 ut
1710 3379 1846 3430 non
1906 3357 2163 3429 Jacobo
2222 3357 2574 3450 Aphraati‚
2641 3356 2766 3428 sed

595 3478 875 3558 Jaenbffi
927 3475 1271 3569 Episcopo
1308 3474 1675 3557 Nisibeno,
1719 3473 2205 3544 tribuerentur.
2243 3474 2386 3544 Nec
2420 3477 2764 3544 recentem

599 3614 755 3666 eaae
807 3590 1194 3682 hujusmodi
1256 3591 1811 3683 suppositionem
1866 3587 2024 3659 inde
2078 3594 2290 3680 patet,
2353 3587 2537 3680 quod
2587 3587 2770 3679 apud

599 3710 1043 3796 Gennadium,
1097 3715 1252 3777 ante
1307 3705 1543 3777 saeculi
1598 3705 1684 3776 VI
1740 3703 2009 3774 initium
2059 3702 2195 3774 vita
2245 3702 2577 3784 functum,
2626 3700 2769 3792 jam

667 3954 735 4018 [η
771 3954 899 4002 Rem
927 3952 1065 4004 hanc
1084 3949 1392 4005 evidentem
1417 3963 1540 4004 esse
1563 3949 1761 4004 asserit
1783 3950 1851 4004 cl.
1883 3949 2101 4016 melnen,
2127 3947 2220 4016 qui
2246 3946 2403 4002 initio
2430 3947 2774 4000 Dissertatio-

599 4034 683 4086 πίε
703 4034 983 4102 aejajaaio
1008 4033 1409 4100 (Ausyewdhlte
1436 4034 1713 4100 Schriften
1741 4071 1823 4099 ,..,
1851 4048 1904 4100 p.
1932 4035 2019 4097 52)
2046 4034 2161 4087 haec
2198 4035 2498 4098 praemonet
2522 4045 2536 4081 ε
2563 4049 2594 4078 «
2616 4030 2775 4096 Diese

599 4118 955 4182 abhandlung
998 4115 1128 4184 liegt
1168 4114 1409 4170 deutlich
1442 4115 1566 4170 dem
1608 4121 1789 4169 ersten
1830 4114 1928 4168 der
1962 4128 2069 4169 von
2111 4127 2216 4168 uns
2256 4112 2645 4181 mitgetbeilten
2672 4114 2776 4164 Ge-

603 4198 783 4250 diehle
811 4198 992 4251 Iaaaks
1007 4209 1116 4252 von
1136 4196 1458 4251 antiochien
1483 4197 1621 4250 iiber
1644 4197 1743 4250 das
1768 4199 1961 4250 Fasten
1990 4211 2055 4249 zu
2080 4195 2284 4250 Grund.
2313 4194 2459 4246 Viele
2480 4193 2773 4246 Gedanken

603 4282 711 4334 nnn
739 4279 1048 4334 auanrflcke
1071 4279 1326 4333 stimmen
1353 4270 1598 4334 wortlich
1622 4278 1866 4332 ubet-ein.
1898 4298 1926 4326 n
2615 4302 2624 4306 -

2727 5006 2734 5011 ·
2759 5047 2765 5049 ,
2787 4988 3066 5049 ...maai-m
