3175 5084
1581 462 2041 528 ...358-

1737 715 1816 783 X.

810 903 1217 975 Miraculosa
1252 898 1516 976 Christi
1552 903 1827 976 Domini
1863 925 1945 976 ex
1981 903 2266 997 Virgine
2303 902 2649 986 nativitaS,
2684 923 2890 995 quam

708 1020 1013 1093 referunt
1064 1017 1526 1112 Evangelistae
1575 1016 1941 1092 Matthaeus
1989 1015 2069 1115 (Ι,
2125 1015 2219 1088 18
2271 1014 2499 1114 seqq.)
2549 1024 2617 1088 et
2666 1019 2893 1090 Lucas

705 1133 785 1232 (Ι,
828 1131 1104 1231 30-38),
1146 1134 1230 1205 ab
1268 1131 1449 1205 Isaia
1485 1135 1561 1229 (V
1568 1135 1654 1220 11,
1699 1133 1816 1225 14)
1851 1135 2045 1207 hisce
2079 1134 2312 1207 verbis
2347 1133 2678 1227 praedicta
2704 1133 2834 1207 fuit
2868 1160 2882 1206 ε

712 1276 727 1322 =
795 1250 890 1350 bs
963 1262 1134 1359 aar
1199 1249 1348 1366 πῆ
1412 1264 1652 1365 ”⁸³93
1715 1265 1800 1365 τε).
1863 1245 2077 1365 oziau.
2163 1263 2330 1360 mo
2400 1243 2664 1363 naban.
2733 1262 2891 1354 rar}

705 1386 928 1472 Quare
964 1403 1047 1455 ex
1083 1383 1215 1454 hoc
1243 1379 1570 1453 vaticinio
1603 1380 1903 1452 validum
1941 1379 2370 1473 depromitur
2409 1390 2891 1473 argumentum

701 1498 785 1569 ad
836 1498 1304 1570 intemeratam
1352 1494 1821 1588 virginitatem
1867 1495 2093 1566 Beatae
2137 1493 2372 1565 Mariae
2420 1503 2573 1566 ante
2615 1502 2888 1588 partum

703 1626 771 1685 et
808 1613 876 1685 in
913 1622 1112 1707 partu
1152 1611 1784 1685 demonstrandam.

1740 1860 1847 1928 Xl.

797 2051 1306 2145 Insignioribus
1342 2051 1732 2145 prophetiis
1768 2049 2136 2123 Messianis
2176 2050 2293 2120 illa
2328 2069 2606 2143 quoque
2642 2068 2885 2121 accen-

698 2165 914 2239 senda
964 2174 1098 2249 est,
1140 2188 1295 2261 quae
1330 2167 1586 2260 legitur
1640 2165 1834 2237 Isaiae
1878 2185 2029 2258 cap.
2090 2160 2538 2248 L11,13-15‚
2598 2172 2668 2234 et
2714 2183 2877 2255 cap.

696 2280 880 2365 LIII,
925 2282 1003 2351 1-
1012 2278 1134 2366 12,
1168 2282 1284 2353 ubi
1319 2281 1588 2354 venturi
1629 2280 2031 2365 SalvatoriS‚
2067 2279 2185 2374 qui
2223 2277 2501 2351 nomine
2537 2279 2887 2350 ServiDei

696 2388 906 2500 (Πῆττξ
937 2397 1101 2498 Ἓξ)
1138 2397 1568 2491 designatur,
1611 2395 2136 2470 dolorosissima
2173 2394 2409 2489 passio
2457 2393 2708 2468 vividis
2757 2394 2882 2466 de·

695 2515 1006 2609 pingitur
1042 2512 1420 2589 coloribus,

1681 2676 1819 2743 ΧΠ.

795 2866 1113 2940 Divinum
1151 2865 1557 2937 Christianae
1606 2864 1969 2960 religionis
2022 2874 2369 2938 auctorem
2423 2867 2513 2939 ita
2565 2868 2876 2941 eamdem

647 2963 651 2966 Α
695 2981 1110 3058 instituisse.
1165 2987 1240 3051 ut
1288 2979 1602 3053 fundaret
1652 2980 1946 3073 aliquam
1996 2980 2427 3067 societatem,
2486 2980 2876 3056 Ecclesiam
2992 3076 3005 3081 -

693 3117 914 3179 suam,
957 3093 1026 3164 in
1065 3116 1197 3187 qua
1231 3102 1298 3165 et
1342 3115 1467 3187 per
1515 3116 1719 3189 quam
1769 3094 2085 3167 homines
2137 3096 2442 3169 universi
2491 3096 2872 3170 doctrinam

693 3212 1060 3284 salutarem
1088 3209 1222 3281 sibi
1251 3230 1679 3303 comparare,
1712 3209 1909 3301 cujus
1937 3211 2140 3282 etiam
2177 3210 2629 3285 directionem
2667 3221 2874 3306 atque

691 3328 1164 3423 auctoritatem
1223 3327 1544 3419 amplecti
1606 3336 1674 3399 et
1736 3349 1774 3397 a
1833 3349 1967 3421 qua
2027 3327 2594 3401 sanctificationis
2649 3330 2874 3402 media

691 3442 1007 3534 accipere
1059 3441 1418 3525 deberent,
1479 3461 1562 3512 ex
1625 3440 1982 3513 Sacrarum
2037 3440 2446 3514 Litterarum
2507 3444 2617 3515 vel
2670 3443 2871 3516 obvia

691 3554 1125 3647 inspectione
1161 3563 1268 3628 est
1306 3550 1963 3649 compertissimum.

1697 3800 1869 3869 Xlll.

791 3988 1141 4062 Catholica
1201 3988 1519 4062 doctrina
1564 3999 1675 4095 est
1729 3992 2139 4077 Ecclesiam,
2195 3991 2492 4085 ideoque
2540 3991 2865 4065 ecclesia·

688 4102 932 4174 sticam
981 4103 1483 4188 auctoritatem,
1524 4125 1610 4178 ex
1644 4102 1910 4180 Christi
1969 4106 2243 4179 Domini
2277 4107 2653 4179 'voluntate
2706 4127 2864 4179 esse

687 4216 759 4287 in
797 4237 924 4288 suo
972 4218 1217 4292 ordine
1268 4240 1307 4291 a
1357 4226 1539 4292 statu
1592 4220 1780 4293 civili
1835 4220 2125 4316 ejusque
2179 4229 2524 4315 potestate
2573 4243 2863 4315 prorsus

689 4330 1292 4424 independentem.

3116 534 3133 623 ἐφ

3112 652 3129 799 ιι

3120 834 3129 931 1
