3175 5084
1265 516 1342 533 -·
1431 499 1557 547 XIII
1643 519 1724 529 —

386 670 734 726 Ammonos
759 669 845 726 tv.
877 699 946 709 —
975 669 1055 726 De
1083 669 1226 741 stylo
1253 673 1309 726 et
1334 682 1537 741 genere
1567 668 1787 727 dicendi
1817 669 2115 740 Aphraatis
2198 711 2212 726 .
2296 714 2311 728 .
2399 714 2410 727 .
2492 671 2606 728 205

974 759 1372 920 ξὲἷξξτὲἓῑίε
1394 849 1665 906 doctrinae
1680 852 1908 921 ejusque
1928 848 2300 922 Epi-stolarum
2310 865 2417 908 usu

1047 941 1361 1013 dogmatico
1388 947 1445 999 et
1470 943 1755 1014 exegetico
1805 983 2411 1002 .......
2492 944 2606 1000 217

389 1034 730 1091 Ammonos
762 1034 803 1091 l.
861 1065 929 1074 —
972 1033 1091 1102 Qua
1117 1035 1432 1100 occasione,
1459 1048 1636 1105 quove
1663 1033 1900 1092 consilio
1920 1033 2232 1105 Aphraates
2251 1036 2413 1108 Epis-

1047 1122 1186 1179 iolas
1213 1123 1472 1194 ediderit,
1502 1129 1559 1180 et
1584 1138 1835 1195 quaenam
1864 1124 1938 1180 sit
1966 1123 2250 1197 generalis
2276 1123 2415 1181 ista-

40 1214 41 1249 *
1048 1228 1167 1271 rum
1196 1213 1414 1272 indoles
1495 1255 2403 1273 ..........
2486 1215 2598 1269 217

40 1252 43 1405 ι
690 1337 701 1340 ·
812 1305 838 1377 ξ
881 1308 933 1363 1.
978 1307 1057 1364 De
1083 1305 1454 1378 Epi-stolarum
1481 1306 1777 1363 occasione
1804 1312 1859 1364 et
1879 1306 1986 1364 fine
1992 1349 2409 1365 .....
2490 1306 2603 1362 217

812 1396 838 1468 5
876 1398 934 1455 2.
981 1399 1057 1455 De
1096 1397 1469 1471 Epistolarum
1507 1399 1696 1456 indole
1733 1404 1788 1455 et
1826 1398 2012 1456 earum
2051 1399 2106 1456 in
2148 1398 2415 1470 quasdam

40 1442 43 1571 l
1049 1487 1265 1545 classes
1301 1488 1695 1546 distributione
1702 1529 2409 1546 ........
2490 1487 2604 1544 225

386 1577 726 1634 Ammonos
758 1577 827 1634 n.
879 1608 947 1618 —
991 1578 1269 1635 Doctrinae
1299 1577 1627 1649 theologicae
1665 1577 1961 1649 Aphraatis
1993 1591 2219 1635 examen
2251 1578 2413 1635 insti-

1049 1670 1223 1727 tuitur
1296 1711 2407 1728 ............
2490 1669 2602 1725 22Ἰ

811 1760 837 1832 5
878 1762 930 1818 1.
975 1761 1055 1818 De
1081 1761 1383 1831 Aphraate‚
1411 1761 1732 1817 traditionis
1760 1760 2213 1819 catholicaeteste
2295 1802 2307 1816 .
2397 1801 2410 1816 .
2490 1759 2603 1815 227

828 1853 868 1907 l.
959 1852 1259 1922 Aphraatis
1285 1852 1540 1910 doctrina
1561 1851 1633 1908 de
1656 1852 1770 1908 Deo
1797 1857 1852 1908 et
1878 1852 1948 1908 de
1970 1851 2071 1909 SS.
2097 1851 2363 1908 Trinitate
2392 1893 2407 1907 .
2489 1850 2603 1906 228

828 1943 894 2000 ll.
965 1943 1263 2014 Aphraatis
1289 1943 1543 2001 doctrina
1570 1943 1641 2000 de
1668 1943 1948 2000 creatione
2000 1984 2409 2002 .....
2489 1943 2593 1999 241

826 2033 921 2091 lli.
966 2034 1259 2104 Aphraatis
1288 2034 1538 2091 doctrina
1566 2034 1637 2091 de
1669 2035 2068 2092 incarnationis
2089 2035 2351 2107 mysterio
2394 2078 2407 2089 .
2489 2036 2602 2092 245

824 2125 914 2182 lv.
959 2124 1258 2196 Aphraatis
1287 2124 1539 2182 doctrina
1576 2126 1647 2183 de
1685 2132 1913 2196 peccato
1952 2126 2209 2198 originali
2249 2130 2304 2183 et
2342 2126 2413 2183 de

1035 2214 1413 2285 redemptione
1437 2228 1469 2271 a
1510 2215 1734 2272 Christo
1770 2219 1992 2286 peracta
1999 2256 2408 2272 .....
2488 2216 2600 2272 254

824 2304 886 2359 V.
955 2304 1252 2376 Aphraatis
1277 2304 1529 2362 doctrina
1556 2305 1626 2362 de
1656 2305 1779 2362 fidei
1809 2311 1866 2363 et
1890 2306 2158 2363 bonorum
2185 2319 2411 2377 operum

1033 2395 1372 2452 necessitate
1393 2395 1462 2452 ad
1485 2396 1935 2466 justificationem
1997 2438 2406 2453 .....
2488 2397 2594 2452 261

823 2484 923 2540 Ἦ.
965 2482 1264 2556 Aphraatis
1291 2484 1545 2542 doctrina
1566 2485 1636 2541 de
1657 2486 1943 2556 Baptismo
1994 2526 2406 2544 .....
2487 2486 2598 2543 266

820 2575 939 2631 vll.
967 2574 1263 2646 Aphraatis
1289 2576 1543 2634 doctrina
1570 2576 1642 2634 de
1669 2578 1965 2647 praesentia
1990 2576 2126 2633 reali
2152 2580 2207 2633 et
2227 2577 2297 2633 de
2320 2590 2407 2633 sa·

1043 2666 1254 2723 criticio
1281 2668 1605 2740 novaelegis
1695 2708 2404 2726 ........
2486 2667 2597 2725 269

800 2757 943 2814 Vlll.
963 2755 1265 2827 Aphraatis
1286 2758 1537 2815 doctrina
1557 2758 1627 2815 de
1648 2756 1999 2816 confessione
2027 2757 2408 2815 sacramentali
2485 2757 2598 2815 275

810 2848 835 2920 ἓ
874 2849 930 2905 2.
979 2849 1055 2905 De
1082 2848 1303 2905 duobus
1329 2848 1627 2919 Aphraatis
1654 2849 1940 2907 erroribus
1996 2890 2404 2907 .....
2485 2849 2598 2906 284

822 2939 866 2995 1.
955 2936 1250 3008 Aphraatis
1271 2939 1544 2996 sententia
1572 2939 1641 2996 de
1666 2939 1772 2996 fine
1794 2938 1983 2995 mundi
1991 2980 2401 2995 .....
2484 2938 2597 2995 284

822 3028 889 3084 n.
956 3027 1252 3098 Aphraatis
1273 3029 1526 3086 doctrina
1551 3029 1621 3085 de
1662 3029 1841 3085 anima
1871 3028 2107 3085 hnmana
2188 3071 2203 3086 .
2255 3055 2303 3085 ·.
2387 3070 2401 3084 .
2483 3028 2597 3085 295

388 3120 726 3177 Ammonos
754 3118 846 3175 ΙΙΙ.
873 3121 1044 3176 -De
1066 3120 1341 3191 Aphraate
1368 3121 1429 3181 S.
1461 3121 1762 3192 Scripturae
1797 3121 2095 3192 interprete
2182 3163 2197 3177 .
2283 3162 2297 3177 .
2382 3164 2395 3177 .
2485 3123 2594 3179 515

40 3328 43 3375 l
1248 3303 1448 3349 PARS
1474 3304 1777 3352 TERTIA.
1805 3327 1853 3336 -
1878 3304 2289 3351 Arrnnmx.

964 3436 1200 3492 Homilia
1226 3436 1296 3494 de
1323 3437 1708 3507 persecutione
1789 3481 2398 3497 .......
2481 3442 2592 3496 550

966 3527 1178 3583 Theses
1187 3568 2397 3588 .............
2480 3533 2590 3587 555
