3175 5084
1253 505 1706 573 ...253-

395 693 607 765 Porro
652 714 735 766 ex
786 692 896 764 his
948 713 1311 794 perperam
1364 692 1660 764 inferres
1712 711 1850 762 non
1903 690 2101 762 aliam
2155 710 2341 775 esse,
2376 689 2568 782 juxta

393 808 829 901 Aphraatem‚
869 808 1191 881 unionem
1229 809 1410 880 inter
1446 809 1680 880 ambas
1718 805 1976 879 Christi
2022 813 2299 878 naturas
2345 805 2565 876 inter-

397 924 764 1022 cedentem
789 946 826 995 a
860 924 1350 1016 conjunctione
1394 946 1527 1017 qua
1573 922 1891 995 Christus
1929 923 2083 1015 ipse
2108 922 2320 1014 justis
2358 921 2568 1003 inest,

363 1060 474 1110 -ac
510 1048 1016 1134 consequenter
1068 1040 1253 1111 illam
1308 1041 1637 1111 moralem
1676 1046 1966 1119 tanturn,
2026 1057 2163 1109 non
2215 1036 2571 1130 physicam

397 1176 579 1228 esse.
624 1155 981 1247 Ejusmodi
1033 1154 1552 1227 conclusionem
1589 1175 1675 1226 ex
1711 1156 2230 1225 inhabitationis
2267 1162 2337 1225 et
2370 1154 2572 1224 inha-

394 1274 661 1345 bitandi
728 1273 1083 1345 vocabulis
1151 1293 1288 1344 non
1359 1272 1758 1344 necessario
1829 1272 2029 1365 sequi
2100 1270 2329 1354 testis,
2397 1270 2577 1341 inter

401 1390 680 1472 multos,
724 1389 927 1462 nobis
961 1397 1069 1461 est
1108 1388 1179 1459 S.
1228 1387 1525 1482 Cyrillus
1562 1386 2116 1471 Alexandrimus,
2158 1387 2302 1480 qui,
2347 1406 2575 1479 quam-

407 1506 513 1577 vis
564 1506 769 1578 verba
814 1504 1186 1598 praedicta,
1240 1514 1561 1599 tanquam
1613 1505 1839 1575 minus
1886 1511 2042 1595 apta
2101 1510 2171 1573 et
2229 1522 2578 1594 perversae

409 1621 890 1713 explicationis
961 1621 1274 1713 capacia,
1352 1628 1669 1712 respuat,
1746 1618 1953 1689 simul
2028 1627 2253 1688 tamen
2324 1616 2581 1688 indicat

403 1734 649 1808 iisdem
687 1736 980 1808 subesse
1016 1757 1229 1827 posse
1266 1734 1650 1807 doctrinam
1693 1733 2142 1805 orthodoxam
2182 1730 2259 1824 (1)
2303 1756 2317 1801 :
2363 1760 2398 1795 κ
2444 1730 2579 1802 Sed

406 1871 625 1944 neque
679 1852 802 1923 Dei
838 1850 1163 1932 Verbum,
1206 1850 1327 1932 ait,
1382 1850 1450 1918 in
1505 1849 1733 1919 Sacrae
1768 1848 2075 1940 Virginis
2130 1847 2328 1930 Filio,
2373 1846 2580 1917 veluti

408 1968 477 2036 in
531 1969 877 2039 communi
938 1968 1231 2061 quodam
1295 1966 1570 2039 homine
1631 1965 2054 2036 inhabitasse
2108 1964 2430 2039 dicimus,
2498 1983 2584 2034 ne

409 2082 722 2155 Christus
759 2083 991 2155 Deifer
1044 2085 1247 2155 bomo
1300 2104 1457 2154 esse
1512 2082 1963 2174 intelligatur.
2011 2081 2179 2151 Nam
2219 2080 2382 2152 licet
2416 2081 2580 2151 Ver-

409 2198 568 2270 bum
621 2200 691 2269 in
745 2198 946 2270 nobis
1000 2198 1344 2280 habitarit,
1387 2217 1798 2290 omnemque
1852 2196 2231 2267 divinitatis
2283 2195 2581 2287 plenitu-

408 2312 637 2383 dinem
675 2315 1127 2406 corporaliter
1181 2314 1249 2383 in
1305 2312 1584 2385 Christo
1640 2311 2020 2384 inhabitare
2058 2310 2308 2381 litteris
2345 2308 2580 2403 prodi-

410 2436 552 2499 tum
590 2428 720 2512 sit;
780 2437 1072 2501 attamen
1126 2450 1263 2499 non
1315 2428 1405 2498 ita
1450 2427 1519 2496 in
1558 2427 1677 2497 illo
1715 2426 2067 2511 habitavit,
2110 2432 2185 2497 ut
2219 2426 2286 2494 in
2324 2424 2582 2496 sanctis

410 2544 788 2617 inhabitare
847 2543 1124 2616 dicitur.
1188 2543 1531 2614 Habitavit
1594 2543 1775 2613 enim
1837 2541 2216 2613 secundum
2275 2549 2580 2613 naturam

412 2661 700 2743 unitum,
780 2681 916 2732 non
987 2660 1057 2729 in
1122 2681 1398 2731 carnem
1469 2666 1825 2741 mutatum,
1902 2659 2020 2730 tali
2091 2656 2584 2728 inhabitatione

412 2777 678 2868 qualem
731 2776 869 2846 dici
923 2784 1154 2866 potest
1208 2774 1507 2845 bominis
1559 2774 1783 2844 anima
1835 2794 1999 2865 erga
2039 2773 2173 2843 sibi
2227 2772 2583 2865 proprium

412 2913 666 2986 corpus
701 2895 977 2976 habere,
1018 2922 1052 2957 »
1112 2914 1357 2985 nempe
1395 2892 1478 2962 ad
1518 2913 1720 2964 unam
1758 2914 2122 2984 personam
2160 2892 2586 2963 constituen-

415 3009 589 3081 dam.
663 3011 830 3084 Gum
882 3010 1138 3102 itaque,
1188 3009 1423 3100 judice
1481 3008 1766 3102 Cyrillo‚
1827 3008 2193 3099 Aphraatis
2245 3017 2584 3079 assertum

415 3146 623 3224 sensu
676 3119 1017 3197 catholico
1072 3124 1299 3196 efferri
1355 3133 1559 3216 queat
1597 3134 1665 3195 et
1701 3123 2025 3217 intelligi,
2069 3123 2236 3194 illud
2274 3123 2365 3193 ita
2401 3125 2585 3193 acci·

416 3240 682 3331 piamus
743 3244 1050 3335 oportet;
1116 3240 1445 3331 dumque,
1511 3238 1665 3310 loco
1727 3239 1964 3321 citato,
2024 3237 2108 3310 dc
2171 3239 2313 3310 Deo
2374 3249 2442 3309 et
2500 3238 2586 3309 de

417 3354 717 3441 Christo,
754 3356 837 3426 ad
873 3356 1147 3427 diversa
1173 3356 1433 3438 relatis,
1468 3375 1664 3448 aeque
1688 3354 2146 3447 praedicantur
2183 3355 2586 3425 inhabitatio

417 3480 485 3542 et
521 3474 707 3551 unio,
749 3472 851 3542 hae
888 3491 1116 3559 voceS,
1157 3470 1476 3563 quoniam
1514 3490 1639 3561 per
1692 3490 1769 3541 se
1822 3479 1982 3542 sunt
2017 3467 2417 3562 aequivocae,
2460 3490 2586 3561 pro

418 3587 717 3658 materiae
787 3587 1115 3679 subjectae
1184 3595 1253 3658 et
1322 3586 1655 3657 doctrinae
1727 3585 1890 3656 alibi
1957 3585 2139 3658 clare
2209 3587 2588 3678 propositae

417 3704 742 3775 varietate
794 3704 978 3775 varie
1030 3702 1499 3796 intelligendae
1552 3712 1752 3773 erunt
1795 3726 1810 3770 :
1862 3721 2065 3773 secus
2117 3701 2298 3773 enim
2350 3710 2590 3773 auctor

421 3840 654 3893 secum
691 3821 841 3914 ipse
878 3820 1446 3903 committeretur,
1489 3819 1675 3912 quod
1721 3817 2000 3891 omnino
2044 3818 2392 3892 vitandum
2431 3835 2588 3889 esse

422 3946 717 4009 constat.
778 3937 1231 4023 Quamobrem
1288 3936 1444 4027 jure
1498 3943 1738 4008 nostro
1792 3933 2268 4028 concludimus
2332 3934 2400 4004 in
2466 3934 2586 4005 Sa-

423 4052 677 4145 pientis
714 4054 945 4125 Persae
998 4052 1280 4144 scriptis
1333 4052 1616 4145 ubique,
1658 4052 1839 4123 sicut
1875 4058 2265 4122 naturarum
2301 4049 2588 4134 distinc-

491 4272 561 4335 (1)
596 4271 691 4336 Ap.
723 4268 1017 4334 Labbcum,
1045 4267 1405 4325 conciliorum
1429 4267 1662 4322 collectio
1684 4266 1967 4330 maaeima5
1998 4278 2150 4319 conc.
2182 4264 2378 4331 EpheS.
2405 4277 2519 4330 par.
2545 4266 2587 4327 1,

427 4366 543 4421 cap.
572 4356 742 4417 xxv1‚
770 4367 826 4405 n.
854 4356 904 4405 4.
