3175 5084
1203 499 1654 566 ...165-

347 692 428 756 ut
464 684 615 777 ipse
650 692 964 769 testatur,
1005 706 1152 758 eam
1189 706 1326 758 non
1372 686 1455 757 ad
1509 686 1916 780 Gregorium
1954 687 2516 776 Illuminatorem,

350 799 643 891 perinde
677 820 757 873 ac
790 799 985 885 alias,
1028 801 1356 893 scriptam
1392 821 1549 873 esse
1586 801 2033 874 existimaret.

456 917 709 988 Textus
756 913 1223 1001 Armeniacae,
1282 916 1506 1011 qualis
1556 917 1641 988 ab
1691 915 2059 990 Antonello
2111 918 2338 991 editus
2388 932 2520 1003 est,

355 1031 706 1105 nonnullis
743 1032 1115 1125 majoribus
1149 1033 1413 1105 lacunis
1448 1041 1559 1106 est
1593 1033 2042 1126 interruptus.
2086 1035 2185 1106 Ita
2217 1036 2525 1107 Homilioe

352 1147 438 1218 de
469 1148 794 1232 oratione,
837 1146 1018 1219 sicut
1050 1156 1118 1220 et
1151 1149 1461 1219 Homilioe
1509 1149 1594 1219 do
1644 1150 2019 1231 monachia,
2061 1148 2258 1221 deest
2294 1149 2519 1233 locuS,
2579 1214 2584 1219 .

356 1263 478 1355 qui
512 1261 596 1334 ad
634 1264 936 1358 quinque
971 1264 1261 1358 paginas
1315 1264 1386 1335 in
1432 1263 1735 1337 editione
1771 1264 2199 1358 Wrightiana
2248 1274 2524 1358 proten·

354 1378 576 1462 ditur;
620 1379 771 1451 duae
805 1381 1075 1475 paginae
1111 1380 1440 1453 deficiunt
1476 1380 1543 1450 in
1582 1381 1878 1451 Humilia
1903 1382 1987 1452 de
2010 1385 2523 1465 resurrectione,

355 1517 492 1567 una
551 1495 620 1567 in
678 1498 972 1569 Homilia
1036 1500 1121 1569 de
1185 1498 1483 1579 sabbata,
1549 1516 1682 1567 una
1741 1495 2039 1590 denique
2096 1497 2167 1567 in
2234 1499 2529 1570 Humilia

355 1624 595 1685 contra
644 1616 909 1687 Judoeos
960 1615 1255 1687 dicentes
1305 1635 1450 1687 aeae
1501 1615 1720 1686 denuo
1773 1626 2247 1707 conqrcqatum
2283 1620 2376 1688 iri
2417 1615 2519 1714 (1).

357 1730 758 1822 Saepissime
828 1752 990 1803 vero
1057 1732 1385 1803 vocabula
1452 1753 1531 1803 ac
1601 1731 1955 1824 particulae
2036 1733 2524 1804 sententiarum

354 1844 862 1930 desiderantur,
919 1846 1012 1917 ita
1063 1853 1136 1918 ut
1187 1866 1435 1918 seusus
1487 1844 1767 1917 nonnisi
1820 1848 2189 1940 archetypo
2246 1848 2527 1941 Syriaco

357 1960 446 2032 ad
481 1961 900 2053 supplendas
952 1962 1228 2033 lacunas
1280 1960 1588 2033 adhibito
1643 1962 1936 2055 intelligi
1992 1963 2240 2055 possit.
2300 1962 2519 2049 Adde,

348 2076 548 2169 juxta
574 2075 880 2148 Sassiam
908 2072 1009 2193 (a),
1041 2076 1551 2148 translationem
1577 2074 2047 2150 Armeniacam
2073 2079 2345 2171 plenam
2373 2099 2530 2150 esse

362 2219 399 2255 «
447 2189 847 2262 mendorum
925 2212 1004 2261 ac
1084 2191 1637 2283 corruptionum;
1741 2212 2025 2284 quarum
2121 2214 2526 2285 quamquam

361 2307 651 2378 maxima
702 2328 862 2399 pars
921 2309 1112 2379 malae
1164 2308 1788 2401 manuscriptorum
1843 2308 2222 2380 conditioni
2261 2310 2530 2381 videtur

360 2443 523 2495 esse
583 2424 804 2515 culpae
867 2422 1111 2506 danda,
1178 2431 1400 2494 tamen
1453 2423 1683 2494 multae
1733 2422 2021 2494 editoris
2070 2422 2352 2495 incuriae
2411 2423 2527 2496 de·

363 2539 639 2611 bentur.
691 2566 727 2601 »

468 2654 554 2724 Ut
583 2652 854 2725 tandem
881 2653 1315 2726 absolvamus
1342 2674 1497 2745 quae
1526 2653 1612 2724 de
1642 2652 1989 2724 Antonelli
2014 2674 2224 2746 opere
2245 2653 2533 2726 dicenda

366 2778 584 2852 erant,
652 2788 1034 2854 monemus,
1102 2768 1419 2841 versione
1485 2769 1723 2841 Latina
1782 2791 1982 2862 quam
2043 2790 2081 2839 a
2140 2790 2216 2841 se
2253 2770 2530 2841 concin-

366 2894 589 2957 natam
628 2885 804 2957 libro
858 2907 984 2958 suo
1039 2887 1127 2957 cl.
1171 2887 1276 2958 vir
1310 2885 1624 2970 inseruit,
1667 2886 1730 2957 ei
1768 2886 1912 2979 qui,
1956 2907 2110 2956 cum
2147 2886 2239 2956 sit
2275 2885 2532 2979 lingua·

367 3023 516 3072 rum
555 3000 851 3094 Syriacae
887 3010 954 3072 et
989 3000 1410 3073 Armeniaoae
1461 3000 1849 3093 imperituS,
1892 3000 2054 3072 velit
2089 2998 2535 3073 nihilominus

369 3118 674 3213 prudens
734 3116 819 3189 de
880 3116 1240 3211 Aphraatis
1289 3117 1603 3189 doctrina
1641 3117 1976 3208 judicium
2029 3117 2234 3202 ferre,
2295 3138 2537 3211 magna

370 3234 686 3306 cautione
721 3231 1046 3304 utendum
1099 3252 1291 3315 esse;
1353 3253 1505 3303 nam
1559 3232 1624 3303 si
1676 3252 1830 3303 cum
1887 3239 2073 3303 textu
2123 3232 2537 3326 primigenio

374 3347 486 3419 illa
519 3347 748 3421 versio
785 3336 1242 3439 comparetur,
1283 3346 1727 3440 paraphrasis
1765 3347 1832 3416 in
1873 3345 2270 3419 universum
2305 3348 2536 3441 potius

374 3484 575 3555 quam
634 3461 768 3532 fida
826 3461 1301 3553 interpretatio
1362 3460 1938 3556 deprehenditur,
2008 3468 2076 3532 et
2133 3461 2392 3554 passim
2454 3483 2539 3535 ne

375 3561 652 3652 sensum
688 3578 965 3672 quidem
1002 3578 1302 3650 auctoris
1339 3579 1708 3670 expressit.

443 3845 515 3904 (1)
553 3844 677 3896 1⁸1ae
698 3842 908 3894 lacunae
931 3852 961 3893 a
985 3840 1279 3909 Wrightio‚
1307 3853 1409 3895 suo
1433 3854 1666 3909 quaeque
1686 3841 1826 3906 loco,
1848 3849 2198 3898 annotantur.
2219 3843 2326 3899 cfr.
2348 3861 2401 3914 p.
2441 3853 2542 3926 ρ,
2615 3903 2619 3907 ,

379 3949 494 3998 not.
535 3944 604 4007 υς
647 3956 700 4009 p.
741 3955 844 4024 §¹¹⁹⁹
903 3955 959 3995 n.
1003 3957 1060 4007 r;
1107 3958 1160 4010 p.
1191 3942 1319 3997 M,
1375 3956 1430 3995 n.
1476 3941 1546 4006 d;
1592 3956 1643 4009 p.
1691 3930 1857 3997 σιὸό,
1906 3958 1960 3998 n.
2012 3945 2064 4009 ῖς
2113 3960 2166 4012 p.
2201 3933 2347 4005 ba,
2388 3960 2442 3999 n.
2491 3948 2549 4007 1;

381 4077 434 4130 p.
475 4046 635 4116 ὠὸν,
677 4074 734 4114 n.
770 4074 840 4114 w.

446 4146 518 4209 (2)
555 4142 653 4209 Op.
681 4143 798 4208 cit„
822 4156 877 4209 p.
904 4144 987 4196 3¹.
