3175 5084
1457 408 1906 519 ...1234

602 650 792 712 tuum
829 640 1063 733 spinas
1084 612 1543 727 exscindens,
1584 649 1654 711 et
1688 639 2099 712 dominicam
2156 650 2460 735 segetem
2514 663 2753 751 expur-

600 778 798 851 ganS.
858 767 925 828 et
975 757 1524 851 evangelicorum
1578 757 1913 829 seminum
1969 759 2416 851 tempestivos
2473 761 2759 831 Domino

598 873 859 944 fructus
894 871 1213 945 offerens,
1260 870 1425 943 Inde
1474 871 1904 943 Antiochiam
1958 873 2170 957 venit,
2230 873 2545 945 haeretica
2596 883 2758 945 tunc

598 988 899 1079 procella
929 989 1370 1060 vehementer
1402 988 1748 1080 agitatam,
1790 988 2312 1082 diversatusque
2339 998 2493 1060 ante
2522 990 2757 1060 urbem

598 1103 663 1171 in
702 1103 1060 1197 gymnasio
1112 1100 1405 1197 quodam
1459 1102 1942 1196 philosophiae,
1991 1125 2141 1175 cum
2198 1103 2453 1179 Graecae
2507 1104 2758 1197 linguae

593 1238 806 1309 pauca
868 1219 1074 1290 verba
1142 1217 1551 1319 didicisset,
1628 1218 1962 1310 plurimos
2031 1219 2257 1290 statim
2327 1219 2410 1290 ad
2482 1219 2754 1291 divinos

594 1355 946 1405 sermones
1002 1333 1380 1406 audiendos
1433 1335 1788 1426 pertraxit,
1847 1342 1941 1418 et,
2003 1335 2462 1407 semibarbara
2524 1335 2756 1429 lingua

594 1450 911 1543 loquens,
954 1450 1159 1520 animi
1197 1471 1400 1523 sensa
1433 1450 1875 1542 exprimebat.
1924 1479 1960 1513 n

693 1567 765 1636 ln
805 1567 930 1638 hac
974 1567 1386 1638 Theodoreti
1425 1567 1814 1638 narratione
1867 1567 2038 1637 nihil
2091 1576 2205 1639 est.
2241 1566 2422 1660 quod
2462 1569 2554 1638 sit
2589 1589 2751 1639 con·
2805 1541 2810 1545 ⁴

592 1679 807 1752 forme
844 1680 1122 1773 imagini
1153 1680 1495 1772 Sapientis
1527 1682 1755 1752 Persae
1792 1703 1829 1751 a
1866 1681 2066 1752 nobis
2104 1682 2324 1752 adhuc
2361 1675 2745 1764 delineatae,

587 1797 696 1867 vel
733 1796 962 1888 potius
1000 1795 1094 1887 (ut
1131 1796 1396 1866 veritati
1450 1795 1671 1888 magis
1719 1796 2211 1889 modestiaeque
2262 1795 2465 1868 simul
2502 1819 2751 1869 consu-

591 1906 741 2002 lam)
780 1910 1194 1981 adumbratae
1238 1934 1254 1977 ε
1296 1923 1594 2002 tempuS‚
1644 1910 2083 1982 habitationis
2120 1911 2342 1996 locus,
2384 1914 2541 1984 vitae
2580 1914 2752 1985 ratio

589 2034 657 2095 et
694 2026 1076 2097 institutum
1115 2026 1393 2097 omuino
1431 2024 1789 2109 differunt;
1823 2026 2115 2098 docendi
2153 2028 2350 2098 etiam
2392 2029 2750 2100 dissimilis

587 2151 695 2212 est
732 2143 1035 2223 materia,
1079 2161 1334 2234 scopus
1371 2142 1686 2214 diversus
1731 2167 1745 2214 :
1789 2143 2195 2214 anachoreta
2238 2144 2419 2214 enim
2473 2146 2558 2215 de
2611 2167 2748 2238 quo

586 2255 765 2347 apud
801 2256 1221 2348 Episcopum
1276 2256 1648 2349 Cyrensem
1701 2279 1926 2329 sermo
1981 2269 2111 2340 est,
2155 2268 2404 2350 praeter
2451 2259 2748 2352 propriae

585 2369 1149 2443 sanctificationis
1186 2379 1388 2462 atque
1424 2371 1871 2462 perfectionis
1908 2393 2164 2450 curam,
2207 2373 2349 2446 fere
2386 2383 2569 2468 totus
2605 2385 2746 2446 erat

586 2487 652 2555 in
710 2486 1192 2579 impugnandis
1248 2484 1516 2557 Arianis
1572 2498 1640 2558 et
1692 2487 1875 2558 fideli
1925 2490 2180 2580 populo
2220 2486 2601 2562 Antiochiae
2662 2491 2744 2561 ab

584 2624 820 2674 eorum
872 2601 1396 2693 deceptionibus
1451 2601 1746 2684 tuendo;
1813 2612 1880 2673 at
1940 2605 2391 2681 Homiliarum
2446 2605 2746 2697 scriptor
2843 2607 2849 2613 ’

585 2739 764 2790 nunc
831 2718 1122 2789 virtutes
1191 2717 1564 2789 christiano
1630 2718 1902 2790 homine
1972 2719 2217 2812 dignas
2284 2721 2738 2805 commendat,

583 2855 763 2905 nunc
797 2833 1221 2905 Judaismum
1272 2835 1660 2906 convellere
1709 2834 1981 2917 nititur,
2034 2836 2400 2908 Arianismi
2459 2859 2619 2908 vero
2674 2847 2743 2908 et

581 2950 985 3022 Arianorum
1038 2971 1122 3021 ne
1176 2950 1430 3021 mentio
1483 2950 1758 3043 quidem
1808 2952 1914 3022 vel
1976 2973 2222 3023 nomen
2284 2953 2484 3045 apud⁴
2517 2953 2741 3046 ipsum

581 3065 905 3138 occurrit.
951 3065 1147 3152 Quod
1185 3073 1406 3136 autem
1444 3065 1801 3157 speciatim
1853 3065 1936 3136 ad
1988 3068 2321 3159 temporis
2366 3067 2740 3140 discrimen

581 3183 854 3264 attinet,
911 3180 1323 3252 luculentius
1374 3180 1440 3250 id
1498 3180 1969 3252 manifestatur
2020 3182 2291 3254 duobus
2341 3182 2539 3254 factis
2588 3205 2741 3276 quae

580 3307 908 3371 memorat
933 3298 1425 3370 TheodoretuS.
1466 3299 1667 3370 Prius
1704 3308 1810 3371 est
1845 3301 2261 3392 colloquium
2292 3301 2376 3372 ab
2404 3299 2739 3394 Aphraate

582 3416 951 3499 monacho,
1016 3414 1438 3499 Antiochiae‚
1506 3413 1668 3485 dum
1730 3444 1765 3480 «
1811 3416 2126 3488 haeretica
2194 3418 2495 3509 procella
2537 3446 2573 3482 »
2642 3418 2737 3489 ibi

580 3530 879 3617 saeviret,
919 3529 1221 3600 habitum
1266 3550 1418 3600 cum
1474 3529 1883 3622 imperatore
1935 3531 2239 3616 Valente,
2282 3525 2563 3604 ‘Arianae
2611 3533 2734 3603 im-

453 3712 467 3729 ,
578 3646 814 3739 pietati
874 3643 1147 3715 addicto
1209 3652 1277 3715 et
1338 3643 1706 3716 Catholicis
1768 3644 2264 3729 infensissimO,
2319 3645 2503 3738 quod
2557 3646 2737 3717 circa

578 3784 639 3835 a.
704 3760 845 3833 375
900 3760 1279 3854 contigisse
1331 3781 1619 3833 necesse
1670 3770 1809 3845 est;
1865 3761 1948 3833 ad
2017 3760 2183 3834 illud
2237 3762 2416 3834 enim
2466 3771 2735 3856 tempus

578 3874 933 3948 referenda
983 3895 1140 3947 esse
1190 3884 1257 3947 et
1303 3875 1555 3947 Meletii
1595 3877 2001 3948 Patriarchae
2035 3877 2339 3962 exilium,
2382 3887 2451 3949 et
2484 3887 2732 3950 motam

578 3998 816 4065 contra
865 4011 1102 4063 omnes
1151 3990 1621 4065 Antiochenos
1667 3992 1734 4067 in
1797 3994 2175 4065 orthodoxa
2223 3992 2358 4065 fide
2411 4013 2730 4086 perseve-

578 4116 808 4180 rantes
842 4106 1388 4199 persecutionem
1423 4127 1506 4178 ex
1543 4107 1783 4179 eodem
1818 4116 1996 4180 teste
2031 4108 2392 4182 discimus.
2423 4107 2730 4180 Alterum

578 4244 703 4316 pro
752 4222 1145 4303 diversitate
1198 4221 1530 4314 temporis
1580 4221 1906 4294 indicium
1957 4244 2038 4295 ex
2094 4245 2186 4296 eo·
2228 4224 2488 4296 eruitur
2544 4223 2728 4316 quod

2839 5058 2848 5065 ,
2873 5040 3084 5065 *ik-...222
3103 5062 3112 5065 „
3129 5062 3140 5065 ⁷
