3175 5084
1484 460 1931 526 ..283-

719 646 1040 723 Concinit
1098 647 1170 722 S.
1237 646 1649 743 Cyprianus,
1705 652 1802 721 Dc
1831 651 2318 726 Becher-tatione
2373 656 2696 746 martyrii
2754 680 2775 726 .-

626 798 666 835 «
702 767 954 851 Primi,
1016 765 1266 860 inquit,
1333 766 1401 837 in
1463 766 1927 861 dispositione
1994 768 2225 842 divina
2293 778 2556 864 septem
2625 771 2777 845 dies

617 904 951 957 annorum
997 890 1263 976 septem
1318 881 1531 953 millia
1580 883 2046 956 continentes,
2087 913 2124 950 »
2162 925 2260 939 --
2295 886 2381 959 Et
2414 886 2506 959 ad
2538 888 2769 958 Deme·

616 1002 922 1071 trionum
948 997 1035 1072 de
1070 1005 1480 1085 senescente
1515 998 1770 1071 mundo
1803 998 1896 1071 ita
1931 999 2224 1073 scribit:
2262 1028 2299 1067 α
2334 1001 2527 1074 Scire
2560 1001 2774 1086 debes

611 1115 934 1189 senuisse
982 1114 1123 1207 jam
1173 1114 1527 1195 mundum,
1585 1134 1723 1187 non
1772 1113 1917 1187 illis
1973 1116 2236 1189 viribus
2287 1124 2471 1190 stare
2523 1117 2778 1211 quibus

609 1231 806 1325 prius
840 1238 1151 1315 steterat,
1191 1251 1321 1303 nec
1353 1230 1595 1326 vigore
1631 1237 1700 1303 et
1734 1230 1985 1304 robore
2020 1252 2104 1305 eo
2140 1232 2367 1306 valere
2403 1253 2540 1327 quo
2576 1242 2771 1306 antea

606 1347 1041 1441 praevalebat.
1087 1347 1237 1419 Hoc
1272 1346 1567 1419 mundus
1602 1346 1756 1440 ipse
1790 1346 1930 1439 jam
1975 1347 2304 1441 loquitur,
2343 1358 2415 1421 et
2446 1368 2768 1422 occasum
2844 1437 2859 1446 .

479 1467 486 1474 ’
605 1463 716 1536 sui
766 1483 995 1540 rerum
1052 1461 1424 1534 labentium
1477 1461 1887 1557 probatione
1940 1470 2231 1535 testatur
2280 1487 2296 1534 ε
2354 1484 2491 1536 non
2546 1464 2768 1539 hieme

604 1579 992 1652 nutriendis
1019 1578 1401 1653 seminibus
1451 1586 1638 1651 tanta
1669 1578 1989 1651 imbrium
2018 1579 2256 1673 copia;
2286 1597 2425 1653 non
2451 1580 2768 1675 frugibus

605 1702 844 1769 aestate
883 1693 1235 1768 torrendis
1279 1693 1483 1766 solita
1527 1694 1885 1788 flagrantia
1928 1703 2072 1779 est;
2114 1716 2244 1768 nec
2284 1696 2389 1768 sic
2431 1717 2639 1769 verna
2682 1698 2768 1769 de

604 1810 936 1907 temperie
996 1831 1118 1883 sua
1185 1808 1339 1882 laeta
1406 1818 1603 1893 sunt;
1678 1830 1806 1883 nec
1874 1811 2043 1882 adeo
2111 1810 2423 1884 arboreis
2456 1812 2767 1886 ,foetibus

603 1940 924 2004 autumna
971 1929 1286 2003 foecunda
1338 1938 1523 2001 sunt.
1592 1929 1821 2001 Minus
1873 1930 1959 2003 de
2009 1930 2287 2003 effossis
2341 1938 2433 2002 et,
2462 1930 2765 2024 fatigatis

605 2045 951 2118 montibus
1010 2051 1341 2117 eruuntur
1403 2064 1814 2116 marmorum
1877 2053 2155 2128 crustae,
2210 2045 2436 2117 minus
2497 2047 2764 2140 argenti

602 2168 673 2233 et
705 2160 851 2233 auri
885 2181 1059 2253 opes
1094 2167 1481 2254 suggerunt
1514 2159 1843 2231 exhausta
1884 2159 2024 2251 jam
2068 2160 2361 2232 metalla.
2406 2158 2658 2233 Deficit
2692 2162 2763 2231 in

600 2275 789 2370 agris
850 2275 1177 2369 agricola,
1240 2274 1312 2344 in
1363 2274 1531 2345 mari
1583 2281 1813 2357 nauta,
1873 2274 2072 2347 miles
2124 2274 2192 2344 in
2247 2275 2520 2355 castris,
2566 2276 2763 2349 inno·
2863 2294 2881 2320 ·

599 2391 824 2463 centia
850 2391 921 2462 in
949 2391 1128 2475 foro,
1161 2388 1430 2480 iustitia
1466 2389 1535 2459 in
1562 2388 1855 2481 judicio,
1899 2390 1967 2459 in
2004 2389 2326 2462 amicitiis
2363 2392 2756 2476 concordia,
2857 2431 2861 2444 ·

597 2507 669 2579 in
714 2507 977 2580 artibus
1028 2503 1298 2600 peritia,
1339 2505 1409 2576 in
1463 2506 1772 2578 moribus
1822 2505 2215 2598 disciplina.
2261 2506 2602 2579 Minuatur
2646 2528 2762 2579 ne-

594 2645 793 2698 cesse
860 2634 968 2697 est
1033 2621 1368 2717 quidquid
1440 2621 1576 2694 fine
1628 2621 1769 2714 jam
1829 2623 2142 2716 proximo
2204 2622 2275 2694 in
2336 2623 2628 2695 occidua
2689 2632 2763 2696 et

596 2749 898 2814 extrema
948 2737 1285 2830 devergit.
1326 2765 1362 2802 »
1401 2737 1488 2808 Et
1539 2757 1695 2810 mox
1751 2762 1765 2809 :
1824 2766 1861 2803 «
1899 2737 2061 2810 Haec
2112 2739 2452 2811 sententia
2505 2737 2760 2810 mundo

595 2855 749 2929 data
804 2862 939 2941 est,
993 2854 1142 2926 baec
1185 2852 1309 2925 Dei
1360 2852 1469 2924 lex
1523 2862 1657 2938 est,
1704 2860 1781 2926 ut
1826 2853 2056 2925 omnia
2102 2862 2250 2927 orta
2298 2853 2640 2936 occidant,
2691 2862 2760 2926 et

592 2981 786 3046 aucta
821 2978 1210 3054 senescant,
1243 2977 1313 3041 et
1347 2969 1779 3042 infirmentur
1807 2970 2034 3055 fortia,
2072 2976 2139 3042 et
2169 2991 2412 3064 magna
2448 2971 2755 3042 minuan-

589 3098 729 3175 tur,
796 3097 865 3164 et
923 3109 1079 3163 cum
1138 3086 1474 3159 infirmata
1531 3095 1601 3159 et
1660 3086 1994 3160 diminuta
2053 3086 2331 3173 fuerint,
2402 3087 2746 3161 finiantur.

590 3205 760 3280 Cum
794 3205 961 3278 olim
995 3205 1173 3277 ultra
1210 3200 1353 3274 800
1381 3212 1450 3275 et
1477 3200 1623 3274 900
1654 3224 1872 3275 annos
1900 3203 2036 3276 vita
2063 3202 2415 3275 hominum
2443 3204 2752 3297 longaeva

587 3320 1023 3413 procederet,
1060 3319 1173 3393 vix
1229 3339 1411 3390 nunc
1459 3325 1694 3412 potest
1741 3318 1826 3391 ad
1880 3318 2341 3391 centenarium
2398 3340 2752 3392 numerum

585 3436 972 3529 pervenire.
1039 3435 1263 3507 Canos
1315 3433 1628 3507 videmus
1675 3435 1745 3506 in
1804 3436 2068 3528 pueriS,
2135 3436 2365 3529 capilli
2426 3436 2755 3510 deficiunt

586 3559 945 3646 antequam
996 3559 1336 3633 crescant,
1394 3571 1521 3622 nec
1567 3559 1735 3623 aetas
1789 3553 1859 3621 in
1905 3559 2260 3625 senectute
2303 3552 2586 3636 desinit,
2626 3552 2752 3626 sed

585 3668 830 3765 incipit
887 3691 926 3742 a
980 3675 1358 3742 senectute.
1419 3668 1535 3741 Sic
1593 3668 1663 3773 in
1725 3678 1879 3741 ortu
1939 3670 2162 3742 adhuc
2213 3690 2340 3742 suo
2399 3670 2484 3741 ad
2543 3668 2749 3742 finem

584 3785 903 3858 nativitas
937 3792 1288 3878 properat,
1322 3784 1427 3856 sic
1453 3783 1936 3878 quodcumque
1965 3805 2145 3857 nuuc
2173 3784 2478 3857 nascitur
2514 3784 2747 3857 mundi

582 3900 810 3994 ipsius
845 3908 1200 3974 senectute
1235 3899 1634 3993 degenerat,
1673 3908 1747 3972 ut
1790 3920 1990 3972 nemo
2043 3899 2273 3971 mirari
2317 3899 2561 3973 debeat
2609 3902 2746 3973 sin-

578 4017 741 4111 gula
775 4018 845 4090 in
881 4014 1136 4091 mundo
1172 4016 1472 4109 coepisse
1517 4016 1842 4102 deficere,
1883 4017 2157 4111 quando
2193 4022 2382 4090 totus
2426 4017 2578 4110 ipse
2604 4018 2743 4109 ,iam

581 4133 877 4207 mundus
923 4134 995 4205 in
1036 4132 1424 4207 defectione
1461 4133 1553 4205 sit
1588 4142 1657 4205 et
1692 4133 1761 4203 in
1800 4133 1958 4205 fine.
1999 4160 2035 4197 ι)
2066 4132 2263 4205 Unde
2298 4142 2540 4227 postea
2576 4154 2741 4205 con·

580 4252 797 4327 cludit
826 4250 1130 4347 scriptor
1172 4275 1187 4326 :
1233 4280 1268 4317 «
1301 4250 1474 4337 Quia
1500 4251 1641 4343 jam
1678 4251 1912 4322 mundi
1951 4250 2108 4322 finis
2147 4250 2216 4321 in
2253 4251 2568 4344 proximo
2600 4258 2732 4338 est,
