3175 5084
1456 448 1906 513 „150-

691 637 1082 710 Gennadius
1119 636 1356 730 igitur,
1395 635 1705 729 quamvis
1740 635 1868 707 hos
1905 642 2263 720 tractatus,
2296 657 2475 728 quos
2510 656 2753 708 recen-

591 766 735 838 set,
791 754 1055 850 syriace
1104 751 1399 846 primum
1450 758 1773 825 exaratos
1826 770 1986 825 esse
2031 751 2253 844 probe
2300 751 2553 835 sciret,
2612 751 2751 823 imo

591 874 839 942 nullam
879 867 1099 940 adhuc
1133 888 1371 939 eorum
1407 867 1923 939 translationem
1968 874 2239 938 exstare
2286 872 2586 960 putaret,
2625 887 2752 941 eos

587 998 811 1058 tamen
879 983 1135 1056 Jacobo
1202 982 1259 1052 N
1269 980 1540 1053 isibeno
1608 1000 1971 1073 perperam
2041 979 2477 1072 adjudicavit.
2554 981 2749 1052 Unde

587 1122 879 1194 pronum
939 1107 1050 1172 est
1107 1097 1549 1180 concludere,
1605 1117 1908 1169 errorem
1960 1097 2189 1181 illum,
2242 1097 2750 1190 posterioribus

587 1222 827 1290 salt-em
879 1212 1154 1287 aaeculis
1213 1212 1393 1305 apud
1452 1211 1817 1284 Armenios
1868 1233 2340 1297 communem,
2388 1213 2529 1304 jam
2584 1223 2749 1285 tunc

587 1332 919 1426 temporis
986 1331 1165 1402 inter
1230 1328 1511 1401 eosdem
1569 1328 1920 1423 vulgatum
1990 1350 2149 1402 esse
2216 1337 2287 1402 et
2351 1330 2436 1400 ab
2504 1328 2594 1401 iis
2662 1330 2746 1400 ad

587 1458 855 1522 exterae
891 1453 1135 1538 gentes
1169 1444 1576 1517 manavisse.
2482 1466 2488 1471 ·

687 1561 1110 1634 Gennadium
1180 1569 1403 1631 autem
1465 1560 1533 1630 in
1597 1560 1754 1633 loco
1813 1561 2019 1631 allato
2086 1559 2451 1653 Aphraatis
2523 1560 2743 1632 nostri

587 1682 911 1750 Humiliaa
948 1696 1188 1768 reapse
1240 1696 1384 1767 prae
1440 1676 1663 1748 oculis
1714 1677 2065 1760 hahuisse,
2126 1675 2428 1761 nemini,¹
2467 1676 2743 1768 opinor,

587 1794 867 1866 dubium
907 1792 1035 1862 erit
1076 1817 1091 1863 ε
1131 1793 1529 1862 Sermonum
1564 1791 1747 1863 enim
1792 1790 2030 1863 titulos
2068 1789 2170 1863 ihi
2206 1801 2638 1864 enumeratos
2678 1791 2748 1861 in

591 1914 981 1982 universum
1017 1907 1387 1979 convenire
1422 1927 1575 1977 cum
1608 1907 1695 1978 iis
1732 1929 1908 2001 quos
1946 1929 2152 1999 supra
2189 1905 2266 2005 (1)
2302 1929 2384 1980 ex
2422 1907 2748 2002 Wrightii

587 2026 888 2098 editione
923 2021 1359 2115 protulimus,
1402 2022 1465 2093 ei
1501 2023 1622 2114 qui
1657 2029 2022 2116 utrumque
2080 2024 2439 2095 elenchum
2492 2031 2749 2095 attente

587 2142 968 2214 examinare
1036 2146 1106 2210 et
1173 2136 1460 2209 alterum
1538 2158 1696 2209 cum
1770 2139 1987 2210 altero
2066 2139 2380 2210 conferre
2455 2139 2751 2211 voluerit

587 2258 811 2330 atatim
851 2253 1280 2326 manifestum
1315 2251 1458 2324 fiet.
1503 2253 1670 2339 Quae
1720 2273 1884 2325 vero
1938 2253 2547 2346 deprehenduntur
2600 2254 2742 2326 dis·

583 2374 871 2446 crimina
927 2368 1173 2462 partim
1221 2389 1304 2440 ex
1355 2368 1789 2441 librariorum
1839 2371 1948 2441 vel
2002 2369 2507 2462 typothetarum
2559 2370 2746 2441 osci·

579 2490 819 2570 tantia,
859 2486 1105 2582 partim
1157 2505 1240 2557 ex
1291 2485 1507 2577 ipsius
1559 2485 1893 2558 Gennadii
1945 2486 2333 2580 ignorantia
2385 2493 2536 2558 orta
2585 2507 2745 2559 esse

583 2606 923 2678 videntur.
1000 2602 1533 2674 Amanuensium
1602 2604 1709 2675 vel
1778 2603 2118 2675 editorum
2189 2603 2493 2697 peccatis
2575 2604 2745 2674 illud

583 2720 1062 2794 ascribendum
1098 2706 1514 2802 censuerim,
1558 2718 1743 2811 quod
1781 2739 1913 2790 una
1942 2721 2237 2792 alterave
2275 2718 2638 2812 inscriptio
2676 2720 2745 2790 in

583 2838 751 2906 duaa
787 2834 1006 2906 divisa
1057 2842 1128 2905 et
1179 2833 1377 2926 quasi
1428 2832 1741 2925 disrupta
1775 2833 1955 2925 apud
1991 2833 2495 2905 Massiliensem
2545 2834 2745 2905 exhi-

583 2950 823 3022 beatur
875 2978 887 3022 ·:
950 2949 1042 3020 ita
1094 2949 1308 3020 ambae
1363 2949 1497 3019 illae
1550 2949 2084 3041 appellationes,
2140 2971 2295 3042 quae
2348 2950 2743 3042 interpunc-

583 3066 767 3138 tione
819 3064 1095 3135 omnino
1149 3063 1495 3135 distinctae
1548 3072 1949 3155 comparent
1991 3089 2004 3133 :
2065 3092 2103 3128 ι(
2140 3066 2234 3135 De
2278 3065 2453 3153 fide,·
2509 3077 2746 3138 contra

575 3202 803 3250 amnes
839 3186 1123 3250 haereses
1166 3207 1231 3260 »,
1275 3179 1342 3248 in
1381 3200 1579 3250 unam
1635 3177 2136 3272 conjungendae
2192 3178 2330 3251 sint
2380 3188 2455 3252 ut
2505 3181 2745 3274 primae

575 3299 1088 3370 Blaesi-tationis
1143 3297 1410 3389 integer
1461 3304 1731 3389 prostet
1786 3297 2058 3380 titulus;
2121 3318 2343 3390 neque
2396 3298 2621 3382 aliter,
2680 3298 2741 3369 si

579 3414 755 3482 hiuae
795 3422 859 3482 et
899 3411 1074 3484 binae
1110 3419 1631 3503 componantur,
1675 3412 1758 3482 ad
1795 3432 1994 3484 unam
2052 3412 2497 3505 eamdemque
2548 3417 2738 3503 Epis-

579 3530 783 3598 totam
843 3526 1335 3620 designandam
1405 3534 1720 3619 spectare
1789 3527 2047 3598 dixeris
2118 3527 2323 3600 hasce
2393 3548 2737 3620 nuncupa-

583 3646 803 3714 tiones
883 3670 895 3714 :
975 3673 1011 3707 «
1055 3646 1149 3715 De
1216 3646 1506 3715 caritate
1570 3645 1913 3733 qenerali;
1989 3646 2081 3715 De
2146 3636 2531 3717 dilectione
2575 3667 2742 3738 erqa

571 3762 958 3846 promimus-n
992 3740 1312 3849 speciest,-
1352 3786 1388 3821 υ
1434 3796 1521 3811 --
1554 3785 1592 3820 «
1639 3759 1735 3828 De
1777 3761 2218 3847 poenitmtia;
2274 3749 2370 3830 De
2418 3759 2737 3853 satisfac-

579 3858 791 3958 tiffliff;
843 3902 879 3934 :n
952 3911 1008 3922 --
1049 3900 1086 3936 <‹
1119 3875 1214 3942 De
1247 3874 1775 3958 rosum-cotiano,-
1831 3875 1928 3942 De
1977 3875 2121 3945 vita
2146 3884 2298 3964 post
2332 3884 2651 3960 mortem,-
2701 3903 2737 3938 »

577 4026 671 4038 μ
703 4014 739 4050 ιι
775 3990 871 4054 De
903 3983 1251 4068 castitate;
1287 3987 1631 4056 Adversus
1664 3996 1921 4077 qantos.
1964 4014 2001 4050 »
2034 3987 2251 4059 Porro
2287 3988 2418 4059 sub
2452 3989 2681 4061 verbis
2717 4014 2731 4059 :

643 4234 715 4294 [l]
755 4234 911 4302 Paga.
943 4231 1180 4294 ¹345&
