3175 5084
1438 417 1874 483 -135,

584 601 979 693 proditurus
1015 612 1161 674 erat
1195 611 1263 674 et
1300 603 1486 674 salus
1524 603 1849 689 universo
1885 603 2123 697 generi
2163 605 2457 675 humano
2490 605 2739 681 obven-

577 726 750 799 tura,
789 739 915 810 per
949 740 1187 790 omnes
1224 726 1459 791 aetates
1489 719 1574 790 ab
1601 718 1860 790 Adamo
1899 719 1980 789 ad
2022 715 2368 793 Christum
2405 728 2744 792 servatum

581 841 648 905 et
682 841 1128 927 propagatum
1184 855 1339 906 esse
1393 834 1726 907 latissime
1772 834 2066 927 explicat
2101 830 2206 931 (ι).
2251 834 2511 929 hacque
2547 857 2744 909 occa·

582 950 778 1021 sione
825 948 1341 1042 chronologiam
1390 950 1698 1043 priorum
1751 950 2268 1043 generationum
2322 957 2525 1043 atque
2573 973 2746 1044 prae-

578 1066 927 1161 cipuarum
964 1067 1206 1153 saltem
1242 1068 1500 1160 antiqui
1557 1066 1837 1139 foederis
1894 1068 2306 1160 epocharum
2364 1068 2535 1140 mira
2586 1069 2746 1140 dili-

584 1181 814 1275 gentia
875 1182 1136 1254 attexit.
1199 1184 1344 1254 Nec
1401 1183 1631 1254 obstat
1692 1184 1876 1277 quod
1920 1183 2087 1277 jam,
2157 1165 2226 1253 in
2287 1186 2740 1277 antegressis,

583 1295 974 1367 Gennadius
1006 1297 1522 1369 interHomilias
1551 1297 1834 1385 «Jacobi
1863 1307 2323 1392 cognomento
2353 1299 2745 1390 Sapientis»

584 1413 783 1483 ctiam
837 1413 1010 1485 hanc
1066 1414 1393 1497 ultimam,
1462 1414 1680 1487 indito
1722 1405 1936 1486 ‘titulo
1989 1417 2085 1485 De
2132 1416 2327 1499 acino
2374 1417 2741 1498 benedicto,

580 1536 1040 1599 recensuerat.
1090 1528 1158 1599 Si
1198 1527 1377 1599 enim
1418 1529 1691 1615 modum
1730 1527 2276 1599 consideraveris
2313 1550 2449 1620 quo
2486 1529 2570 1600 de
2607 1527 2750 1600 illis

581 1641 911 1735 loquitur,
976 1642 1587 1723 verisimillimum,
1660 1662 1745 1713 ne
1797 1640 2020 1712 dicam
2074 1649 2374 1720 certum,
2439 1641 2562 1713 tibi
2616 1642 2751 1713 erit

582 1756 855 1828 easdem
892 1757 1026 1849 ipsi
1065 1757 1395 1828 scribenti
1452 1732 1706 1849 praesto
1762 1778 1895 1828 non
1948 1756 2191 1840 fuisse,
2233 1765 2308 1829 ut
2360 1757 2751 1829 easoculis

585 1894 917 1966 usurpare
984 1875 1092 1944 vel
1162 1874 1453 1944 lustrare
1526 1882 1800 1965 posset,
1875 1879 1945 1944 et
2013 1873 2303 1965 proinde
2371 1895 2508 1946 non
2577 1859 2750 1945 tanti

466 2018 479 2023 ·
585 1987 1051 2059 aestimandam
1088 1987 1274 2059 illius
1329 1987 1455 2059 hac
1508 1987 1576 2057 in
1616 2008 1689 2059 re
1726 1988 2220 2059 auctoritatem.
2266 1988 2343 2058 In
2379 2009 2458 2060 ea
2492 1988 2750 2081 quippe

590 2122 791 2193 quam
845 2102 1173 2194 proponit
1228 2101 1754 2194 inscriptionum
1806 2101 1987 2173 serie
2037 2122 2281 2194 magna
2330 2094 2644 2174 confusio
2680 2112 2751 2174 et

587 2217 972 2311 obscuritas
1016 2242 1032 2291 ε
1076 2217 1197 2302 ibi,
1240 2218 1750 2310 comparatione
1802 2239 1956 2290 cum
2010 2217 2514 2310 exemplaribus
2550 2217 2748 2289 insti·

585 2339 753 2417 tuta,
830 2332 1434 2425 deprehenduntur
1502 2332 1953 2415 omissiones,
2031 2332 2503 2424 repetitioneS,
2576 2333 2750 2404 tales

583 2446 785 2518 etiam
820 2447 1313 2540 appellationes
1347 2468 1501 2539 quae
1539 2446 1607 2516 in
1647 2444 1896 2518 nullam
1943 2449 2506 2518 Dissertationum
2552 2446 2751 2519 facile

588 2562 961 2655 quadrent;
1008 2563 1296 2656 ipseque
1332 2560 1752 2646 Gennadius,
1795 2562 1954 2632 dum
1990 2561 2238 2634 asserit
2271 2561 2489 2633 libros
2525 2581 2645 2633 sex
2683 2569 2753 2632 et

591 2677 834 2770 viginti
903 2701 940 2748 a
1005 2678 1263 2749 Jacobo
1331 2676 1665 2749 Nisibeno
1735 2677 2161 2770 compositos
2229 2698 2387 2749 esse
2417 2735 2436 2761 ‚
2512 2697 2751 2748 eorum

589 2799 814 2862 tamen
885 2792 965 2862 ad
1038 2813 1375 2863 summum
1446 2791 1723 2863 nonnisi
1794 2791 2037 2885 viginti
2106 2799 2250 2863 tres
2327 2791 2432 2862 vel
2504 2790 2749 2884 viginti

591 2915 881 3000 quatuor
936 2907 1239 2978 nominat
1273 2905 1372 3000 (2).
1421 2907 1643 2995 Quare
1693 2927 1828 2977 non
1885 2896 2425 2998 improbabiliter
2469 2906 2745 2990 dixeriS,

593 3024 656 3095 ei
692 3024 1158 3094 tantummodo
1195 3044 1276 3093 ex
1312 3023 1598 3092 aliorum
1656 3021 2101 3094 relationibus
2136 3021 2498 3115 Aphraatis
2543 3044 2751 3116 opera

592 3146 953 3229 perspecta
990 3137 1228 3209 fuisse.
1274 3139 1368 3208 Ea
1403 3137 1631 3209 forsan
1687 3146 1969 3210 noverat
2002 3160 2081 3208 ex
2120 3137 2513 3209 testimonio
2545 3139 2749 3209 Joan·

590 3252 701 3322 nis
740 3252 1073 3336 Cassiani,
1119 3250 1424 3344 magistri
1464 3251 1600 3336 sui,
1642 3253 1760 3345 qui
1796 3252 2013 3347 Syriae
2047 3263 2117 3324 et
2150 3253 2424 3349 AEgypti
2462 3253 2752 3346 plurima

597 3366 1006 3437 monasteria
1044 3367 1369 3439 inviserat
1403 3376 1471 3438 et
1505 3388 1684 3439 anno
1718 3365 1863 3438 415
1887 3364 2235 3440 'Massiliae
2270 3368 2406 3441 duo
2442 3367 2752 3441 coenobia

597 3480 930 3564 instituit;
1007 3482 1187 3553 unde
1255 3482 1435 3554 sicut
1495 3481 1581 3553 de
1645 3481 1795 3574 ipsa
1856 3483 2220 3575 scriptoris
2281 3505 2601 3576 persona,
2660 3483 2750 3554 ita

596 3595 795 3666 etiam
848 3596 932 3669 de
995 3596 1420 3667 diversorum
1484 3603 1889 3667 tractatuum
1952 3604 2181 3669 mutua
2237 3596 2629 3695 habitudine
2682 3607 2750 3669 et

595 3710 879 3782 aliorum
935 3709 1017 3797 ab
1071 3710 1224 3782 aliis
1278 3709 1723 3782 distinctione
1772 3710 1856 3781 ab
1910 3720 2187 3784 auctore
2240 3734 2390 3803 su0‚
2441 3711 2748 3785 veritatis

595 3826 821 3896 minus
858 3825 1161 3908 curioso,
1206 3826 1274 3893 in
1311 3844 1611 3896 errorem
1651 3824 1973 3897 inductus
2009 3827 2234 3898 fuerit.

655 4120 729 4183 (1)
767 4119 840 4170 Ed
887 4118 1136 4186 Wright.‚
1165 4131 1254 4184 pp.
1293 4118 1458 4202 *³⁹³⁴
1488 4152 1532 4167 -.
1557 4119 1737 4168 sanz
1775 4148 1790 4163 .

568 4192 577 4195 ι
656 4203 730 4266 (9)
765 4201 866 4254 Cri·⁴
897 4209 996 4255 art.
1028 4205 1071 4255 ΙΙ
1098 4203 1323 4270 hujusce
1349 4201 1537 4268 partis.
