3175 5084
1193 462 1650 529 „359-

1342 700 1507 767 xlv.

432 911 849 1003 Quamquam
904 907 1239 981 Ecclesiae
1289 916 1359 979 et
1414 906 1686 999 imperii
1751 904 1976 1005 civilis
2027 912 2338 998 potestas
2397 911 2507 976 est

333 1025 681 1110 distincta,
724 1032 1033 1118 potestas
1084 1031 1309 1096 tamen
1359 1023 1585 1095 civilis
1637 1021 1965 1115 potestati
2019 1019 2358 1114 spirituali
2397 1027 2507 1091 est

331 1139 776 1211 subordinata
838 1138 1062 1232 quoad
1126 1138 1492 1210 eat-omnia
1551 1159 1706 1230 quae
1767 1137 1851 1207 ad
1916 1135 2119 1206 finem
2193 1140 2506 1228 spectant

331 1253 794 1346 spiritualem
870 1263 939 1325 et
1009 1251 1313 1345 pessime
1375 1273 1414 1322 a
1472 1251 1709 1323 multis
1777 1249 2112 1322 asseritur
2178 1248 2505 1341 optimam

329 1367 684 1441 societatis
755 1366 1051 1460 publicae
1138 1365 1475 1438 rationem
1558 1365 1970 1457 civilemque
2051 1383 2504 1456 progressum

331 1485 683 1578 requirere
737 1494 812 1556 ut
852 1485 1141 1555 humana
1193 1483 1522 1567 societas„
1564 1483 1756 1554 nullo
1813 1481 2047 1552 habito
2097 1481 2180 1552 ad
2223 1479 2505 1573 religio-

331 1621 487 1672 nem
525 1608 875 1693 respectu,
919 1598 1377 1671 constituatur
1412 1605 1616 1690 atque
1653 1596 2099 1690 gubernetur.

1347 1879 1484 1946 XV.

431 2087 530 2156 Ex
592 2083 937 2156 constanti
998 2083 1334 2156 Ecclesiae
1394 2083 1588 2176 praxi
1650 2091 1718 2154 et
1771 2103 1854 2154 ex
1913 2082 2218 2175 injuncto
2283 2081 2503 2153 eidem

331 2200 559 2273 officio
612 2198 1051 2272 custodiendi
1102 2207 1309 2292 atque
1363 2198 1797 2292 propagandi
1846 2197 2228 2270 doctrinam
2292 2196 2499 2280 fidei,

333 2338 480 2390 eam
516 2325 586 2390 et
619 2317 689 2387 in
728 2316 928 2402 factis
967 2316 1382 2411 dogmaticis
1419 2314 1835 2387 definiendis
1874 2315 2305 2386 infallibilem
2347 2333 2504 2385 esse

324 2433 480 2523 jure
514 2431 946 2505 deducimus,

1331 2629 1500 2696 XVI.

429 2838 519 2908 Ut
579 2836 908 2907 unitatem
970 2833 1304 2906 Ecclesiae
1368 2856 1512 2906 suae
1575 2835 1646 2907 in
1707 2814 2116 2928 perpetuum
2172 2832 2498 2917 firmaret,

334 2950 650 3022 Christus
704 2948 1040 3021 Dominus
1090 2950 1169 3019 Β.
1216 2951 1422 3021 Petro
1459 2949 1799 3042 Apostolo
1853 2957 2009 3020 ante
2051 2969 2243 3020 suam
2281 2969 2508 3020 resur-

332 3065 709 3137 rectionem
772 3064 1163 3135 immediate
1224 3065 1548 3158 promisit
1608 3063 1816 3162 (Mau.
1884 3066 2061 3148 XVI,
2129 3061 2378 3160 17-19)
2440 3073 2507 3135 et

332 3190 494 3273 post
542 3202 734 3253 suam
790 3180 1372 3252 resurrectionem
1422 3202 1671 3274 reapse
1722 3180 2014 3252 contulit
2057 3175 2273 3276 (Joan.
2316 3178 2499 3263 XXI,

334 3296 583 3391 15-17)
632 3297 996 3390 primatum
1049 3317 1187 3368 non
1238 3297 1522 3369 honoris
1573 3304 1863 3381 tantum,
1927 3296 2051 3367 sed
2106 3316 2286 3368 verae
2340 3316 2501 3387 pro-

332 3413 619 3507 prieque
657 3413 860 3486 dictae
882 3412 1420 3506 jurisdictionis.

1308 3673 1507 3740 Xvn.

433 3875 809 3968 Utriusque
862 3876 998 3948 loci
1055 3876 1188 3948 huc
1238 3876 1652 3969 pertinentis
1704 3878 2001 3971 genuina
2052 3878 2185 3963 vis,
2237 3902 2389 3973 quae
2426 3901 2510 3952 ex

335 3991 534 4063 obvia
603 3993 970 4064 verborum
1029 3991 1288 4063 Christi
1350 3993 1788 4085 inspectione
1856 3995 2057 4067 facile
2124 3997 2504 4089 colligitur,

333 4106 682 4178 communi
745 4107 947 4179 etiam
1010 4108 1287 4177 Patrum
1349 4108 2038 4202 Syro-Chaldaeorum
2105 4111 2508 4203 interpreta-

333 4221 524 4292 tione
586 4221 869 4316 egregie
930 4220 1445 4294 corroboratur.
1501 4223 1806 4310 Quorum
1866 4224 2195 4319 princeps
2250 4232 2318 4298 et
2370 4246 2509 4295 ma-
