3175 5084
1499 471 1949 538 ...302-

636 655 934 752 singulis
977 653 1397 737 ,hominihus
1465 656 1727 728 animas
1796 665 2036 729 auctor
2102 667 2534 750 agnosceret,
2610 678 2801 729 inore

638 771 1127 846 Gnosticorum
1167 780 1236 844 et
1277 770 1950 865 Apollinaristarum.
1997 773 2183 844 Hanc
2218 773 2494 867 quidem
2548 775 2794 846 tricho-

635 891 946 971 τοηιίαηι,
1020 908 1224 980 quam
1288 895 1572 971 vocant,
1651 885 1787 980 ipsi
1857 908 1897 958 a
1964 887 2315 960 Gennadio
2384 888 2795 981 adscriptam

635 1025 793 1077 esse
825 1001 908 1099 (ι)
945 1001 1124 1076 haud
1158 1001 1453 1075 absurde
1504 1001 1737 1074 forsan
1791 1002 2074 1087 dixeris,
2117 1024 2353 1077 verum
2405 1004 2538 1076 ista
2592 1005 2792 1077 inter·

631 1119 926 1214 pretatio
955 1119 1110 1211 ipso
1146 1116 1508 1227 Aphraatis
1543 1126 1733 1191 textu
1782 1119 2197 1213 exploditur.
2241 1119 2571 1213 Spiritum
2615 1120 2794 1193 enim

591 1235 988 1309 -animalem
1038 1241 1323 1317 tantum,
1377 1253 1509 1305 non
1564 1235 1941 1317 coelestem,
1994 1256 2077 1307 ex
2131 1235 2278 1328 eJus
2331 1222 2670 1311 sententia
2711 1236 2794 1308 ad

632 1349 930 1422 hominis
980 1357 1286 1422 naturam
1332 1349 1679 1442 pertinere
1743 1349 1904 1423 inde
1962 1346 2151 1444 ’patet
2197 1350 2385 1444 quod
2437 1351 2554 1423 ille
2604 1352 2794 1423 solus

630 1486 908 1560 semper
956 1473 1026 1538 et
1075 1465 1396 1537 omnibus
1450 1465 1855 1538 mortalibus
1892 1466 2083 1549 insit,
2127 1466 2240 1537 hic
2272 1487 2437 1540 vero
2476 1465 2795 1539 fidelibus

629 1582 901 1655 demum
939 1601 1065 1675 per
1097 1580 1518 1675 Baptismum
1555 1582 1972 1666 conferatur,
2014 1581 2098 1654 ab
2135 1603 2218 1655 eo
2254 1582 2372 1676 qui
2413 1583 2636 1693 ipsum
2672 1604 2795 1676 per

630 1707 982 1793 peccatum
1017 1697 1361 1770 vexaverit
1391 1697 1723 1771 continuo
1759 1698 2071 1771 discedat
2097 1708 2164 1771 et
2193 1700 2261 1771 in
2290 1680 2796 1773 resurrectione

620 1813 857 1906 justis,
901 1833 1037 1884 non
1076 1811 1334 1905 iniquis
1371 1812 1464 1883 sit
1497 1811 1916 1901 reddendus.

727 1932 1098 2022 Hucusque
1137 1928 1347 2023 igitur
1383 1928 1731 2001 traditioni
1786 1929 2140 2002 catholic-sae
2192 1930 2540 2003 consentit
2581 1931 2796 2024 scrip·

627 2058 761 2121 tor.
802 2046 1185 2119 Arctiorem
1223 2055 1446 2118 autem
1482 2045 1874 2117 affinitatem
1922 2046 2144 2139 ipsius
2188 2047 2514 2141 loquendi
2553 2049 2795 2120 modus

628 2185 771 2259 prae
823 2184 901 2235 se
950 2163 1085 2236 fert
1134 2183 1288 2234 cum
1352 2161 1556 2234 modo
1619 2160 1945 2255 loquendi
2007 2183 2143 2255 quo
2204 2163 2462 2255 passim
2518 2173 2798 2236 utuntur

626 2280 861 2374 plures
897 2299 984 2350 ex
1015 2277 1103 2350 iis
1139 2277 1258 2370 qui
1294 2276 1536 2370 primis
1591 2277 1865 2348 saeculis
1898 2277 2187 2349 scientia
2238 2286 2307 2349 et
2357 2277 2553 2349 libris
2590 2279 2797 2350 editis

626 2395 697 2466 in
740 2392 1044 2466 Ecclesia
1080 2392 1414 2474 floruere;
1474 2391 1655 2463 inter
1705 2413 1882 2484 quos
1918 2414 2059 2484 prae
2095 2393 2364 2465 caeteris
2401 2394 2794 2465 nominandi

627 2517 789 2582 sunt
842 2507 1187 2601 Origenes
1240 2515 1310 2579 et
1364 2505 1435 2578 S.
1490 2507 1816 2578 irenaeus,
1870 2507 1997 2578 Hic
2046 2506 2226 2579 onim
2281 2517 2515 2581 contra
2569 2506 2793 2581 Gnos-

626 2630 831 2711 ticOS‚
874 2626 989 2721 qui
1046 2626 1113 2697 in
1148 2626 1449 2709 ‚homine
1502 2624 2016 2718 distinguebant
2063 2647 2344 2720 corpus,
2385 2625 2674 2697 animam
2728 2635 2799 2697 et

627 2743 947 2836 spiritum
1006 2739 1226 2836 (σῶμα,
1285 2744 1507 2832 ψυχήν,
1570 2753 1796 2833 πνεῦμα
1856 2741 1964 2815 vel
2022 2738 2201 2838 νοῦν),
2270 2741 2472 2813 docet
2530 2740 2793 2814 duabus

625 2857 963 2951 partibus,
1025 2876 1320 2948 corpore
1374 2876 1620 2948 nempe
1669 2865 1737 2927 et
1784 2856 2042 2938 anima,
2103 2864 2311 2928 totam
2362 2865 2617 2928 naturae
2669 2857 2791 2928 hu·

628 2994 842 3057 manae
878 2991 1277 3065 compagem
1315 2970 1578 3042 absolvi
1623 2995 1636 3040 ε
1682 2970 1765 3042 ad
1805 2970 1872 3040 id
1911 2992 2120 3042 unum
2155 2970 2453 3064 Spiritus
2488 2971 2785 3048 divinus,

616 3087 808 3179 juxta
863 3087 1118 3181 ipsum,
1171 3085 1573 3178 requiritur,
1631 3084 1700 3155 id
1749 3106 1959 3156 unum
1994 3083 2226 3168 efficit,
2269 3093 2345 3156 ut
2390 3086 2594 3157 homo
2638 3105 2787 3176 per·

624 3201 844 3297 fectus
902 3200 1162 3274 evadat.
1223 3201 1354 3272 Per
1407 3199 1696 3270 animam
1753 3201 1955 3272 homo
2007 3209 2114 3272 est
2173 3201 2398 3295 imago
2450 3201 2611 3284 Dei,
2670 3222 2792 3295 per

628 3319 956 3412 Spiritum
993 3316 1076 3389 ad
1130 3314 1255 3388 Dei
1308 3315 1827 3387 similitudinem
1878 3316 2301 3410 provehitur.
2346 3317 2632 3390 Divinus
2678 3318 2792 3389 ille

628 3432 955 3525 SpirituS,
997 3432 1114 3524 qui
1150 3429 1403 3501 nemini
1443 3430 1578 3501 nisi
1611 3451 1740 3523 per
1775 3432 2059 3524 gratiam
2094 3431 2420 3525 obtingit,
2468 3432 2554 3504 iis
2597 3432 2793 3504 datur

627 3547 746 3640 qui
801 3546 1163 3639 passiones
1224 3545 1513 3618 fraenant
1581 3556 1652 3617 et
1722 3546 2164 3618 moderantur
2224 3547 2595 3641 appetituS‚
2670 3567 2794 3640 per

626 3670 981 3757 peccatum
1015 3662 1552 3756 grave‘fugatur.
1601 3662 1729 3747 Qui
1786 3661 1976 3733 illum
2029 3671 2434 3756 receperunt
2462 3683 2791 3753 pneuma-

693 3877 766 3939 (1)
803 3876 878 3926 lta
903 3872 1236 3932 Gennadius,
1264 3873 1317 3924 in
1345 3873 1583 3936 Epistola
1608 3875 1673 3925 de
1694 3871 1800 3936 fide
1823 3886 1925 3927 sua
1947 3888 2042 3926 seu
2064 3876 2134 3926 de
2156 3875 2495 3938 deamatibus
2517 3877 2790 3929 ecclesias-

625 3959 769 4019 ticis,
801 3971 922 4024 cap.
949 3959 1030 4009 xv
1055 3972 1068 4008 ε
1098 3974 1128 4004 α
1149 3958 1331 4021 Neque
1354 3957 1491 4009 duas
1515 3958 1729 4009 animas
1759 3969 1883 4009 esse
1906 3957 2141 4011 dicimus
2166 3957 2221 4010 in
2250 3970 2359 4009 uno
2384 3958 2624 4019 homine,
2650 3959 2793 4011 sicut

575 4056 580 4067 ’
625 4040 861 4097 lacobus
882 4044 940 4094 et
962 4037 1054 4092 atii
1076 4039 1335 4104 Syrorum
1361 4039 1630 4100 scribunt,
1656 4051 1817 4092 unam
1844 4039 2134 4093 animalem
2167 4050 2273 4105 qua
2296 4040 2568 4093 animetur
2588 4044 2792 4105 'corpus

523 4156 528 4160 -
581 4188 584 4191 Ι
626 4110 941 4190 et'immixta
959 4120 1031 4173 sit
1048 4119 1323 4187 sanguini,
1343 4127 1395 4171 et
1415 4120 1641 4172 atteram
1666 4119 2009 4187 spiritualem
2034 4134 2157 4189 quae
2176 4121 2441 4175 rationem
2465 4121 2792 4175 ministret.»

625 4192 832 4270 Quibus
854 4202 1037 4256 verbis
1059 4192 1127 4257 dc
1150 4202 1516 4255 Homitiarum
1540 4206 1762 4256 auctore
1785 4204 1869 4269 agi
1897 4203 2154 4269 opinatur
2176 4204 2516 4267 Autumnus,
2541 4217 2628 4269 op.
2653 4217 2787 4269 περ.

625 4287 740 4350 cit„
766 4286 917 4352 praes.
944 4301 1001 4353 p.
1024 4287 1081 4339 V.
