3175 5084
1429 167 1434 176 ,
1594 153 1619 170 x

1533 181 1549 212 s

1273 453 1723 525 ...287⁸-

532 650 938 726 Praedictam
971 670 1183 744 porro
1218 645 1617 743 opinionem
1651 668 1691 720 a
1720 647 1758 718 J
1766 645 1982 720 udaeis
2010 644 2093 717 ad
2131 643 2585 729 Christianos,

433 766 909 862 imprimisque
956 764 1043 840 ad
1094 763 1488 858 Sapientem
1538 764 1849 851 Persam,
1888 761 2007 856 qui
2059 761 2401 855 frequenti
2435 782 2591 834 eum

435 883 574 957 illis
632 882 1048 957 commercio
1115 881 1454 969 utebatur,
1526 878 1998 954 transmissam
2069 898 2227 952 esse
2295 876 2594 956 dubitari

432 1001 695 1095 nequit.
762 1001 949 1073 Inter
1008 997 1281 1093 priores
1347 996 1532 1074 enim
1591 996 1862 1090 pridem
1927 1003 2301 1090 usurpatur
2365 992 2593 1089 adagii

434 1116 650 1190 instar
704 1117 853 1190 haec
912 1113 1291 1189 enuntiatio
1349 1138 1365 1184 :
1422 1115 1557 1186 Sex
1619 1113 1843 1184 millia
1892 1111 2193 1186 mundus
2242 1107 2512 1209 (supple
2570 1133 2586 1182 ε

434 1234 701 1305 habebit
754 1252 1130 1309 annorum.
1183 1228 1292 1303 vel
1339 1226 1506 1321 quid
1555 1221 1848 1323 simile),
1900 1248 2101 1320 quam
2162 1248 2200 1298 a
2258 1227 2344 1299 R.
2402 1225 2597 1300 Helia

434 1347 871 1443 repetendam
906 1347 1183 1430 docent,
1226 1344 1412 1420 istud
1448 1344 1649 1439 quasi
1683 1345 2030 1420 oraculum
2067 1344 2131 1417 ei
2167 1344 2238 1416 in
2274 1342 2597 1418 Talmude

434 1464 822 1537 tribuentes
856 1458 929 1561 (ι)
985 1486 1000 1534 :
1067 1490 1104 1528 «
1145 1462 1280 1535 Sex
1333 1459 1547 1534 millia
1597 1481 1928 1534 annorum
1981 1460 2115 1532 erit
2166 1459 2488 1545 mundae,
2527 1467 2600 1533 et

434 1580 680 1653 iterum
732 1578 1163 1661 destruetur;
1222 1575 1361 1649 duo
1397 1576 1626 1648 millia
1678 1576 1955 1648 fuerunt
2005 1574 2355 1648 inanitatis
2403 1571 2474 1670 (i.
2526 1596 2591 1648 e.

435 1695 614 1789 legis
675 1690 988 1792 naturae),
1056 1694 1194 1767 duo
1255 1694 1469 1766 millia
1527 1692 1707 1786 legis
1768 1692 2124 1776 Mosaicae;
2188 1692 2326 1765 duo
2386 1691 2598 1764 millia

436 1818 636 1882 erunt
668 1810 936 1884 dierum
970 1807 1245 1882 Messiae
1279 1804 1377 1908 (a).
1420 1836 1456 1873 »
1508 1807 1953 1882 Hebraeorum
2007 1808 2218 1903 igitur
2271 1808 2594 1902 vestigia,

436 1925 635 1999 novis
673 1934 894 1998 tamen
931 1924 1315 1997 rationibus
1351 1923 1668 2016 adjectiS,
1707 1933 2114 2017 presserunt
2149 1925 2387 1997 Patres
2422 1946 2600 2019 quos

437 2064 648 2135 supra
679 2041 1210 2115 nominavimus.

536 2160 635 2231 Ex
687 2159 799 2231 his
851 2159 918 2231 S.
974 2159 1303 2243 Irenaeus,
1363 2157 1589 2229 allatis
1643 2158 1962 2230 Gemens
2018 2158 2100 2242 11,
2158 2154 2227 2243 2,
2287 2157 2517 2231 verbis
2574 2183 2590 2232 ε

438 2278 933 2367 Complevitque
966 2277 1144 2347 Deus
1197 2275 1308 2348 die
1354 2277 1634 2365 septimo
1666 2295 1833 2366 opus
1866 2295 2070 2345 auum
2103 2274 2280 2366 quod
2311 2271 2594 2368 fecerat,

435 2404 501 2466 et
535 2394 869 2484 requievit
903 2392 1015 2465 die
1049 2392 1330 2483 septimo
1363 2392 1448 2462 ab
1481 2392 1797 2461 universo
1822 2409 2016 2479 opere
2046 2388 2224 2480 quod
2249 2399 2598 2481 patrarat,

439 2506 675 2580 subdit
714 2503 785 2604 (3)
830 2495 845 2576 :‘
891 2534 927 2571 «
966 2505 1113 2578 Hoc
1149 2514 1373 2582 autem
1411 2513 1520 2577 est
1555 2511 1624 2576 et
1670 2512 1868 2576 antea
1901 2503 2237 2577 factorum
2270 2505 2596 2591 narratio,

439 2634 509 2697 et
558 2624 939 2696 futurorum
1000 2621 1388 2715 prophetia.
1441 2621 1565 2692 Est
1616 2620 1799 2693 enim
1859 2619 2010 2691 dies
2072 2619 2343 2693 Domini
2402 2618 2602 2715 quasi

440 2739 627 2812 mille
663 2735 849 2810 anni.
895 2738 982 2808 In'
1026 2758 1149 2810 sex
1199 2737 1412 2831 igitur
1460 2736 1708 2810 diebus
1745 2746 2214 2810 consummata
2253 2746 2416 2810 sunt
2449 2759 2604 2832 quae
2700 2753 2703 2756 ’

438 2855 615 2927 facta
648 2864 834 2928 sunt.
879 2854 1312 2926 Manifestum
1366 2874 1535 2947 ergo
1573 2863 1681 2926 est
1715 2853 2375 2928 consummationem
2413 2854 2603 2947 ipso·

440 2992 591 3042 rum
643 2977 911 3044 sextum
971 2969 1408 3043 millesimum
1469 2990 1719 3044 annum
1752 2991 1954 3043 esse.
2012 2970 2111 3042 Et.
2151 2968 2443 3064 septima
2492 2970 2605 3044 die

439 3087 677 3158 orbem
720 3084 1020 3178 Judicat;
1079 3095 1147 3157 et
1199 3095 1472 3170 octava,
1531 3107 1686 3180 quae
1735 3086 2190 3178 estfuturum
2242 3086 2604 3171 saeculum,'

436 3203 610 3275 alios
646 3202 926 3296 quidem
960 3202 1170 3275 tradit
1222 3202 1292 3273 in
1345 3222 1614 3297 poenam
1655 3211 2006 3287 aeternam,
2046 3202 2220 3275 alios
2258 3202 2324 3273 in
2363 3202 2597 3277 vitam.

439 3320 733 3411 Propter
766 3320 900 3392 hoc
934 3316 1100 3392 dicti
1137 3328 1300 3391 sunt
1336 3318 1581 3412 psalmi
1618 3341 1746 3412 pro
1781 3327 2044 3392 octava.
2095 3346 2132 3384 »

504 3569 578 3632 (i)
614 3567 864 3623 Gemaroe
924 3566 1118 3622 ordine
1182 3569 1244 3620 lv
1295 3534 1565 3655 (ῙῬἾΞ),
1627 3569 1749 3623 cod.
1810 3570 1875 3623 ΙΧ
1909 3538 2066 3655 (Πᾟ
2093 3540 2347 3657 ΠᾩἹὲῧ.)
2382 3584 2502 3640 cap.
2557 3575 2604 3627 t.

505 3666 580 3732 (Ξ)
613 3666 692 3733 Ad
709 3665 1183 3723 confirmationem
1206 3662 1440 3720 afferunt
1461 3666 1767 3735 analogiam
1785 3680 1909 3723 cum
1929 3682 2025 3725 sex
2059 3670 2256 3726 diebus
2291 3672 2608 3735 creationis.

440 3763 603 3817 quam
624 3751 738 3818 jam
761 3756 921 3805 antea
946 3763 975 3803 a
1001 3749 1250 3818 pluribus
1274 3749 1508 3816 proponi
1532 3750 1858 3806 audivimus.
1885 3752 2102 3809 Addunt
2123 3754 2192 3809 ad
2218 3755 2272 3809 id
2298 3754 2608 3823 significan·

437 3852 569 3906 dum
594 3858 840 3920 spectare
860 3865 956 3907 sex
978 3852 1137 3919 aleph
1162 3864 1284 3920 quae
1319 3851 1371 3904 in
1410 3851 1667 3909 hebraico
1701 3859 1852 3910 textu
1889 3857 2078 3913 Genea.
2120 3859 2163 3923 1,
2194 3859 2262 3912 ¹:
2300 3832 2607 3943 widapa

439 3941 659 4051 ῨἿΒΠ
702 3943 842 4027 nssj
874 3928 1139 4038 ΕἾἉᾞΠ
1175 3942 1284 4027 m
1314 3923 1556 4042 0³3¹ka
1598 3942 1752 4011 ma
1798 3957 2145 4025 reperiuntur
2191 3977 2208 4008 ι
2256 3958 2414 4025 aleph
2460 3958 2607 4011 enim

442 4055 806 4110 millenarium
829 4068 1119 4112 numerum
1143 4055 1425 4121 denotare,
1450 4068 1514 4111 ac
1536 4056 1768 4124 proinde
1791 4056 1970 4111 littera
1997 4055 2089 4109 illa
2112 4055 2294 4111 sexies
2325 4054 2383 4110 in
2411 4053 2607 4111 eodem

437 4136 708 4193 versiculo
728 4142 1052 4194 occurrente
1075 4150 1171 4194 sex
1193 4151 1465 4194 annorum
1505 4138 1696 4206 millia,
1737 4138 1940 4207 quibus
1974 4138 2172 4196 coelum
2207 4142 2263 4193 et
2299 4142 2442 4193 terra
2479 4149 2610 4191 con·

440 4218 658 4282 sistent,
680 4221 931 4289 exprimi.
960 4223 1157 4276 verum
1182 4221 1299 4277 haec
1321 4221 1635 4278 cabalistica
1660 4228 1790 4276 sunt
1811 4229 1866 4275 et
1887 4221 2129 4277 Iudaica.

508 4305 581 4368 (¹)
619 4308 676 4358 ln
700 4306 1002 4375 fragmento
1026 4309 1213 4361 Graeeo
1250 4320 1411 4374 quem
1447 4320 1512 4360 ex
1552 4307 1681 4362 cod.
1711 4321 1814 4360 ms.
1841 4307 2012 4360 edidit
2050 4306 2351 4360 cotelerius
2378 4308 2431 4358 in
2463 4307 2608 4359 notis

445 4386 512 4440 ad
539 4385 836 4452 Epistotam
860 4388 1179 4444 catholicam
1207 4389 1241 4440 S
1290 4390 1566 4443 Barnabae.
1666 4411 1670 4416 ·
