3175 5084
1278 477 1734 544 -127-

413 666 555 760 jam
591 666 883 760 palmam
928 666 1217 759 adeptus
1252 675 1399 739 erat·
1436 666 1709 760 quando
1747 667 2036 759 Sapiens
2074 667 2282 739 Persa
2319 666 2588 759 priores

423 782 665 855 decem
700 784 1028 855 Homilias
1060 784 1144 855 ad
1180 783 1469 855 amicum
1508 782 1696 857 misit
1731 782 1834 877 (ι).

527 899 765 991 Neque
803 897 980 970 idem
1016 906 1123 969 est
1159 897 1460 991 scriptor
1514 906 1751 970 noster
1785 917 1936 968 cum
1975 896 2314 989 Aphraate
2350 897 2469 970 illo
2506 898 2591 969 de

425 1032 566 1106 quo
618 1014 763 1107 agit
820 1012 1293 1085 Theodoretus
1347 1011 1675 1114 cyrensis
1725 1020 1868 1084 tum
1931 1011 1997 1082 in
2063 1013 2396 1104 Reliqiosa
2450 1014 2589 1084 hia-

425 1130 604 1200 toria
638 1128 742 1223 (2),
784 1137 925 1199 tum
960 1126 1028 1197 in
1061 1129 1359 1221 Historia
1392 1129 1852 1200 ecclesiastica
1885 1122 1959 1225 (a)
1995 1151 2009 1197 :
2049 1148 2184 1199 non
2221 1126 2403 1199 enim
2439 1148 2594 1220 quae

425 1243 637 1315 refert
703 1243 1176 1317 Theodoretus
1246 1243 1386 1317 ullo
1458 1244 1662 1315 modo
1690 1300 1706 1325 ‚
1782 1242 2004 1336 quoad
2075 1243 2232 1314 vitae
2296 1251 2588 1336 tempus,

428 1358 679 1443 locum,
721 1358 1185 1431 conditionem
1239 1368 1308 1432 et
1361 1380 1617 1442 mores,
1657 1378 1812 1432 cum
1850 1356 1937 1430 iis
1976 1359 2395 1431 concordant
2440 1381 2594 1453 quae

428 1495 639 1568 supra
690 1474 1010 1547 vidimus⁸
1064 1476 1138 1546 ln
1185 1474 1401 1568 priori
1455 1493 1676 1567 opere
1721 1474 1867 1546 haec
1920 1473 2213 1568 legimus
2264 1499 2279 1544 :
2326 1503 2362 1538 «
2398 1474 2594 1561 Quod

427 1590 733 1663 omnium
771 1591 1118 1663 hominum
1155 1611 1287 1662 una
1338 1589 1430 1661 sit
1485 1600 1721 1662 natura
1768 1599 1837 1661 et
1891 1590 2356 1683 philosophari
2397 1590 2597 1663 facile

430 1707 528 1778 sit
555 1705 973 1789 volentibus,
1016 1706 1164 1778 sive
1212 1704 1352 1777 sint
1401 1702 1654 1785 Graeci,
1699 1705 1846 1777 sive
1893 1705 2183 1787 barbari,
2223 1715 2292 1776 et
2326 1727 2405 1777 ex
2444 1706 2597 1778 aliis

431 1842 597 1893 sane
632 1822 866 1894 multis
900 1829 1291 1914 promptum
1341 1827 1448 1892 est
1493 1839 1945 1913 cognoscere,
1989 1829 2058 1891 et
2097 1828 2330 1912 aperte
2368 1842 2597 1893 mons·

432 1942 612 2009 trare
664 1935 1041 2029 Aphraates
1089 1956 1264 2007 unus
1320 1943 1577 2028 potest.
1634 1935 1851 2006 Natus
1902 1935 2083 2006 enim
2136 1936 2600 2030 educatusque

435 2051 614 2145 apud
664 2053 941 2136 PersaS,
980 2059 1255 2146 gentem
1313 2050 1842 2144 iniquissimam,
1886 2059 1954 2123 et
1988 2072 2025 2121 a
2059 2051 2312 2123 talibus
2364 2074 2603 2146 pareu-

435 2167 621 2241 tibus
657 2178 879 2252 orluS,
920 2176 988 2239 et
1024 2168 1094 2238 iu
1131 2187 1367 2239 eorum
1418 2166 1730 2238 moribus
1781 2167 2163 2252 institutuS,
2217 2168 2301 2239 ad
2348 2178 2600 2243 tantam

433 2282 748 2376 pervenit
796 2282 1142 2365 virtutem,
1184 2292 1260 2353 ut
1292 2302 1414 2353 eos
1450 2281 1841 2353 obscurarit
1875 2281 2020 2376 qui,
2062 2301 2143 2353 ex
2180 2283 2315 2376 piis
2351 2282 2595 2377 geniti,

435 2398 829 2492 religiosam
899 2397 1372 2470 educationem
1441 2418 1478 2466 a
1546 2396 1765 2489 prima
1833 2406 2031 2469 aetate
2111 2398 2336 2470 sortiti
2409 2410 2593 2470 sunt.

438 2511 738 2588 Primum
795 2516 974 2588 enim
1024 2523 1259 2608 spreto
1308 2534 1588 2608 genere,
1646 2513 1829 2607 quod
1892 2514 1989 2584 illi
2042 2514 2296 2587 clarum
2345 2525 2489 2588 erat
2535 2524 2602 2588 et

394 2614 734 2715 'illustr-e,
776 2630 1068 2722 maJores
1117 2651 1355 2724 magos
1406 2629 1733 2719 imitatus,
1784 2629 1868 2701 ad
1918 2630 2278 2703 Dominum
2316 2631 2599 2703 adoran·

437 2745 597 2817 dum
652 2766 729 2818 se
779 2744 1117 2819 convertit
1172 2770 1186 2814 :
1243 2744 1492 2817 deinde
1549 2744 1976 2838 popularium
2029 2766 2308 2818 suorum
2363 2746 2599 2838 impie·

436 2870 642 2933 tatem
706 2842 1129 2945 exsecratus,
1199 2861 1551 2954 regionem
1614 2870 1909 2932 exteram
1972 2861 2208 2953 patriae
2270 2862 2598 2954 praetulit,

437 2978 904 3072 Edessamque
975 2987 1218 3071 petens
1287 2976 1417 3075 (est
1485 2985 1708 3051 autem
1768 2977 1934 3050 urbs
2006 2978 2118 3049 illa
2189 2979 2473 3050 maxima
2536 2987 2604 3051 et

437 3095 802 3186 populosa,
848 3093 1347 3188 religionisque
1398 3095 1583 3166 cultu
1632 3096 1837 3188 longe
1875 3094 2275 3187 clarissima)
2323 3094 2603 3166 domun-

438 3211 661 3281 culam
696 3220 884 3283 extra
921 3203 1166 3282 moenia
1218 3219 1486 3295 nactuS,
1529 3211 1599 3282 in
1654 3233 1731 3284 ea
1783 3232 1860 3284 se
1911 3210 2216 3296 inclusit,
2260 3211 2327 3283 in
2364 3192 2604 3284 animae

439 3346 584 3398 suae
622 3346 852 3397 curam
889 3325 1319 3411 incumbens,
1361 3326 1739 3420 optimique
1795 3326 2012 3400 instar
2046 3326 2367 3420 agricolae
2402 3326 2603 3400 affec·

504 3556 577 3618 (ι)
611 3554 874 3621 Equidem
898 3566 1011 3609 non
1034 3555 1280 3625 intelligo
1303 3555 1580 3623 quomodo
1621 3554 1730 3609 sibi
1770 3561 1985 3609 constet
2019 3553 2433 3623 01.Wrightius,
2473 3552 2604 3607 dum

437 3635 638 3690 asserit
659 3635 784 3703 (op.
808 3638 899 3691 cit.
927 3637 1134 3705 praefat.
1173 3653 1226 3706 p.
1254 3642 1330 3706 7),
1370 3643 1664 3706 martyrem
1705 3637 1878 3699 illum,
1921 3637 2007 3691 cui
2052 3649 2249 3691 nomen
2287 3637 2603 3704 aphraates,

438 3721 771 3785 temporibus
793 3720 1058 3775 Simeonis
1079 3722 1380 3776 Barsaboes
1401 3728 1452 3776 et
1475 3722 1790 3777 Schahdosli
1826 3722 2151 3776 anteriorem
2188 3734 2322 3787 esse,
2346 3728 2401 3775 et
2422 3719 2605 3775 statim

440 3802 648 3865 subdit,
673 3816 797 3858 eum
821 3809 936 3857 mm
960 3804 1122 3857 morli
1145 3803 1406 3858 traditum
1432 3803 1603 3871 fuisse
1626 3818 1792 3870 quum
1836 3804 2062 3869 Sapiens
2106 3804 2274 3857 Persa
2311 3809 2608 3868 postremas

441 3883 712 3950 Epi-stolas
741 3887 1113 3943 conscriberet.
1139 3887 1359 3941 Simeon
1401 3888 1674 3943 barsabee
1709 3888 1901 3940 saltem
1944 3888 2013 3941 al)
2048 3899 2138 3940 an.
2173 3890 2273 3941 335
2309 3887 2608 3956 Episcopus

445 3966 567 4031 fuit,
592 3981 656 4022 ac
680 3969 838 4036 proin
862 3969 1014 4036 prior
1035 3969 1129 4023 ille
1150 3970 1447 4037 Aphraates
1460 3968 1579 4038 jam
1606 3976 1734 4023 ante
1757 3970 1902 4023 hunc
1923 3982 2128 4023 annum
2165 3982 2362 4036 passus
2384 3974 2517 4021 erat.
2543 3970 2610 4020 At

444 4049 719 4116 Sapientis
767 4053 942 4105 Persae
987 4050 1174 4105 decem
1221 4051 1487 4105 Homilioe·
1515 4050 1726 4118 priores
1776 4051 1843 4105 ad
1890 4064 1937 4105 a.
1988 4053 2232 4116 aasz-1,
2279 4049 2501 4116 reliquae
2540 4049 2608 4102 ad

446 4146 494 4186 a.
520 4135 748 4188 ww
769 4141 826 4189 et
846 4136 948 4189 ³⁴3
970 4135 1268 4189 referendas
1292 4141 1439 4189 sunt.

512 4216 585 4280 (Ω)
621 4221 717 4282 Ap.
743 4215 936 4287 migne,
965 4217 1165 4272 Patrae.
1193 4212 1363 4271 Groec.
1393 4223 1521 4271 tom.
1552 4219 1787 4281 ιΧΧΧΙΙ,
1812 4216 1912 4271 col.
1944 4217 2091 4270 ¹587.

513 4300 587 4361 (ὅ)
626 4297 786 4361 thid„
810 4298 951 4352 Hist.
978 4303 1160 4354 eccles.
1191 4298 1285 4353 lib.
1315 4299 1399 4363 lv,
1424 4311 1542 4366 cap.
1571 4301 1725 4365 xxll,
1750 4298 1852 4353 col.
1882 4299 2028 4352 1186.
