3175 5084
1485 502 1934 570 —212-

633 697 996 792 prudentia
1052 718 1178 771 sua
1238 579 1376 771 neg)
1442 705 1551 770 est
1611 698 1899 771 salutem
1948 704 2404 769 consecutus,
2468 696 2803 784 Quoniam

587 861 592 872 ·
631 819 898 885 astutus
941 813 1069 885 fuit
1118 812 1203 885 ad
1253 814 1538 899 malum,
1598 812 1989 907 arrogantia
2034 811 2184 905 ejus
2233 811 2586 884 humiliata
2642 821 2794 895 est,

632 929 933 1025 dignitas
984 930 1069 1003 ab
1131 951 1215 1003 eo
1274 932 1497 1003 ablata
1557 931 1720 1014 fuit,
1800 930 2132 1024 splendor
2203 931 2518 1014 evanuit,
2594 930 2801 1022 periit

630 1046 1006 1119 fortitudo.'
1050 1048 1259 1141 Plaga
1319 1045 1604 1119 affectus
1665 1056 1773 1119 est
1836 1066 2038 1139 quam
2100 1045 2415 1140 infligere
2476 1045 2792 1129 volebat,

624 1171 913 1235 mortem
949 1182 1151 1255 quam
1186 1163 1343 1235 aliis
1382 1162 1890 1234 machinabatur
1924 1161 2075 1255 ipse
2114 1161 2353 1233 subiit.
2390 1161 2470 1232 Ei
2508 1181 2800 1254 namque

519 1279 526 1284 ’
624 1278 1057 1373 propositum
1117 1288 1264 1351 erat
1321 1278 1683 1352 universos
1744 1276 2023 1350 Judaeos
2084 1278 2203 1371 qui
2252 1278 2452 1407 regis
2512 1275 2799 1349 Assueri

620 1391 953 1466 ditionem
989 1392 1378 1466 incolebant
1416 1393 1567 1465 neci
1608 1392 1910 1476 tradere;
1962 1402 2032 1464 at
2075 1393 2203 1464 fuit
2240 1392 2575 1485 Jejunium
2621 1392 2795 1463 Mar·

621 1507 888 1581 dochaei
924 1517 992 1580 et
1042 1509 1354 1581 Estheris
1407 1516 1678 1582 scutum
1729 1506 1916 1602 quod
1964 1509 2100 1579 tela
2149 1504 2434 1581 Amanis
2484 1505 2790 1599 excepit;

621 1622 734 1694 bic
804 1624 873 1694 in
946 1623 1303 1718 iniquitate
1371 1644 1494 1697 sua
1563 1623 1956 1717 implicatus
2026 1633 2174 1707 est,
2248 1593 2522 1717 gladms
2593 1642 2798 1714 quem

620 1738 906 1832 gerebat
939 1758 1062 1812 cor
1105 1739 1328 1833 ipsius
1380 1738 1761 1822 transfixit;
1818 1759 2019 1810 arcus
2071 1738 2245 1829 ejus,
2307 1737 2391 1808 ad
2441 1745 2797 1831 peccatum

621 1862 964 1941 extentus,
1026 1856 1418 1928 confractus
1467 1865 1601 1939 est,
1659 1863 1866 1948 prout
1912 1855 1981 1926 id
2039 1854 2271 1949 impiis
2323 1863 2514 1947 optat
2562 1852 2798 1947 Scrip-

620 1979 772 2040 tura
806 1967 883 2063 (ι)
923 1994 941 2042 :
999 1971 1285 2042 Gladius
1325 1992 1557 2042 eoram
1604 1972 1906 2061 ipsorum
1941 1980 2217 2061 pectora
2268 1966 2685 2063 transfodiat
2729 1978 2800 2039 et

620 2107 827 2157 arcus
859 2107 1092 2160 corum
1127 2086 1683 2182 confrinqantur.
1731 2088 1879 2159 Hoc
1931 2087 1998 2157 in
2048 2086 2306 2159 Amane
2354 2085 2798 2179 adimpletum

624 2210 770 2290 est,
820 2204 1092 2296 quando
1141 2204 1447 2297 patibulo
1503 2204 1686 2299 quod
1742 2203 2175 2276 Mardochaeo
2226 2203 2511 2297 ejusque
2559 2202 2800 2273 liberis

624 2325 926 2391 erectum
986 2319 1205 2391 fuerat
1263 2317 1476 2390 Aman
1537 2339 1694 2391 cum
1756 2318 1921 2390 filiis
1981 2319 2129 2390 suis
2191 2338 2576 2412 suspensus
2638 2315 2794 2399 fuit,

621 2433 864 2526 sicque
916 2434 1160 2510 incidit
1208 2435 1312 2508 vir
1374 2455 1666 2529 nequam
1729 2436 1797 2505 in
1860 2435 2130 2506 foveam
2181 2454 2381 2527 qnam
2436 2430 2792 2515 effoderat,

623 2552 865 2646 laqueo
931 2573 1134 2645 quem
1203 2551 1586 2625 tetenderat
1656 2559 1925 2644 captus·
1964 2559 2096 2636 est,
2178 2559 2324 2623 rete
2392 2567 2591 2623 suum
2662 2548 2799 2620 sibi

625 2666 950 2758 injectum
993 2689 1149 2740 esse
1187 2668 1433 2751 doluit,
1489 2668 1558 2738 in
1613 2687 1850 2740 casses
1902 2666 2284 2761 iniquitatis
2335 2665 2587 2738 cecidit
2621 2673 2691 2737 et
2725 2665 2796 2735 in

628 2790 957 2854 aeternum
995 2775 1246 2856 misere
1277 2783 1508 2876 periit.

726 2896 862 2969 Cur
896 2907 1121 2970 autem
1158 2900 1493 2971 instanter
1528 2898 1900 2991 postulavit
1936 2897 2147 2968 Aman
2185 2919 2222 2968 a
2258 2918 2423 2992 rege
2473 2910 2545 2970 ut
2575 2898 2796 2971 Judaei

628 3034 867 3085 omnes
918 3013 1302 3098 interirent,
1359 3014 1495 3085 nisi
1549 3013 1709 3106 quia
1758 3013 2154 3085 intendebat
2204 3014 2573 3106 populares
2630 3035 2797 3085 suos

631 3129 886 3206 ulcisci,
935 3138 1003 3200 et
1063 3130 1521 3202 Israelitarum
1584 3150 1834 3201 nomen
1897 3128 2166 3213 delere,
2235 3129 2419 3200 sicut
2475 3129 2800 3200 memoria

629 3245 904 3318 Amalec
954 3245 1084 3317 sub
1132 3247 1308 3338 coelo
1361 3246 1582 3317 deleta
1632 3247 1781 3317 est?
1840 3247 2280 3317 Remanserat
2341 3245 2523 3318 enim
2582 3245 2797 3316 Aman

632 3361 812 3432 inter
846 3361 1369 3436 Amalccitarum
1406 3361 1763 3455 reliquias,
1807 3362 2150 3456 siquidem
2189 3362 2520 3456 scriptum
2557 3371 2664 3435 est
2687 3359 2791 3459 (a),

632 3497 785 3549 eum
823 3476 1036 3550 filium
1073 3478 1290 3551 fuisse
1324 3474 1710 3563 Amadathi,
1753 3478 1871 3571 qui
1908 3500 1946 3549 e
1982 3478 2200 3571 stirpe
2235 3476 2430 3572 Agag
2463 3477 2798 3550 oriundus

632 3602 802 3664 erat.
844 3594 1060 3666 Porro
1096 3616 1305 3688 quum
1352 3595 1468 3667 ille
1513 3616 1759 3689 magno
1810 3596 1877 3665 in
1929 3595 2186 3666 honore
2237 3603 2425 3666 esset
2474 3593 2541 3663 in
2591 3593 2798 3664 domo

628 3705 944 3792 Assueri‚
988 3710 1456 3783 Mardochaeus
1511 3712 1596 3781 ad
1645 3709 2135 3804 portamregis
2172 3708 2480 3803 quotidie
2516 3707 2802 3779 sedebat

629 3833 915 3918 propter
951 3827 1337 3911 Estherem,
1395 3849 1597 3921 quam
1651 3827 2078 3900 educaverat.
2136 3827 2298 3897 Haec
2348 3845 2663 3917 namque,
2711 3823 2798 3894 ad

628 3938 1006 4015 Assuerum
1067 3963 1300 4036 regem
1362 3944 1677 4027 adducta,
1745 3944 1807 4016 ei
1870 3944 2216 4035 placuerat
2274 3963 2418 4035 prae
2476 3940 2800 4015 omnibus

698 4218 771 4277 (l)
810 4214 900 4268 Pa.
930 4215 1145 4278 xxxvl,
1173 4216 1255 4267 ¹5.

696 4299 1017 4363 (2)-Esther.
1048 4300 1141 4362 m,
1169 4302 1217 4351 1.
