3175 5084
1435 509 1883 579 —206--

590 697 938 770 vocabulis
973 697 1359 791 peregrinis
1396 697 1690 770 refertus
1727 703 1834 769 est
1869 718 2069 791 quam
2103 697 2312 791 vulgo
2351 698 2420 767 iu
2459 698 2747 772 aliorum

588 812 1027 904 scriptorum,
1085 812 1466 904 praesertim
1522 813 1930 884 recentioris
1967 813 2219 892 aetatis,
2261 813 2610 904 operibus.
2670 818 2746 885 In

585 927 893 998 Homiliis
931 948 1063 998 non
1120 928 1341 999 solum
1385 928 1638 998 frustra
1692 927 2050 1021 quaesieris
2104 927 2512 1020 farraginem
2565 929 2747 1000 illam

585 1063 829 1114 vocum
876 1043 1021 1115 sive
1072 1042 1532 1124 Arabicarum,
1592 1043 1738 1115 sive
1801 1043 2213 1126 Graecarum,
2285 1065 2568 1136 quarum
2629 1047 2743 1116 ad-

587 1158 912 1230 mixtione*
955 1158 1185 1252 lingua
1236 1167 1397 1251 post
1448 1160 1775 1231 saeculum
1811 1159 1929 1230 VII
1986 1158 2068 1240 ab
2125 1159 2401 1251 antiqua
2454 1139 2745 1251 puritate

584 1273 898 1356 deflexit,
966 1275 1125 1357 sed,
1190 1296 1594 1367 quamquam
1661 1285 1896 1346 auctor
1960 1276 2232 1346 natione
2303 1276 2451 1346 fuit·
2490 1277 2737 1360 Persa,

585 1391 839 1460 nullum
900 1390 1206 1482 reperies
1269 1393 1548 1463 verbum
1612 1389 2065 1474 extraneum,
2114 1393 2296 1484 quod
2367 1392 2539 1463 hanc
2599 1393 2744 1483 ejus

581 1505 918 1597 originem
979 1507 1246 1598 prodat.
1318 1507 1634 1599 Syntaxis
1700 1506 1900 1578 etiam
1962 1507 2131 1577 adeo
2196 1506 2398 1578 habet
2460 1507 2742 1578 formam

581 1640 738 1690 vere
789 1620 1202 1703 Semiticam,
1247 1619 1720 1713 imprimisque
1771 1621 2170 1702 Mamaeam,
2211 1632 2286 1691 ut
2316 1622 2386 1692 ei
2426 1623 2541 1714 qui
2582 1626 2740 1714 syn-

583 1741 813 1807 taxeos
852 1735 1144 1827 Syriacae
1184 1736 1457 1828 regulas
1494 1736 1852 1807 addiscere
1905 1737 2012 1806 vel
2066 1736 2218 1807 aliis
2271 1736 2541 1808 tradere
2577 1737 2743 1807 velit

578 1851 660 1920 ad
699 1852 1108 1944 Aphraatem
1164 1853 1508 1944 praecipue
1563 1852 2048 1923 recurrendum
2087 1874 2240 1924 esse
2275 1853 2380 1924 vir
2416 1853 2740 1924 doctissi-

580 1987 728 2036 mus
764 1967 1112 2038 Noeldeke
1150 1967 1410 2059 optimo
1440 1967 1595 2058 jure
1630 1968 2029 2058 pronuntiet
2066 1964 2167 2062 (1).
2202 2007 2203 2010 π

676 2083 907 2175 Stylus
945 2104 1186 2175 magna
1224 2083 1666 2175 simplicitate
1704 2091 1771 2153 et
1807 2083 2296 2174 perspicuitate
2342 2083 2744 2174 plerumque

578 2196 875 2280 excellit,
912 2218 1048 2268 non
1082 2197 1407 2270 varietate
1444 2206 1556 2268 aut
1594 2198 1954 2289 elegantia,
1994 2217 2213 2289 neque
2251 2197 2740 2268 sententiarum

579 2313 949 2404 splendore
983 2314 1092 2384 vel
1131 2314 1571 2385 sublimitate.
1618 2315 1759 2384 Nec
1794 2320 2015 2383 tamen
2063 2334 2145 2384 eo
2184 2314 2367 2405 quod
2408 2315 2740 2383 Disserta-

576 2430 834 2498 tionum
870 2427 1045 2499 liber
1088 2449 1515 2500 communem
1566 2429 1914 2522 cogitandi
1966 2438 2168 2521 atque
2219 2428 2543 2521 loquendi
2595 2450 2739 2499 mo-

471 2547 486 2558 *
574 2542 733 2612 dum
804 2544 1179 2635 generatim
1242 2565 1378 2614 non
1440 2545 1920 2631 transcendat,
1996 2551 2235 2635 putare
2306 2543 2517 2613 debes
2587 2563 2739 2613 eum

573 2657 760 2748 parvi
817 2657 1198 2728 faciendum
1254 2679 1434 2729 esse.
1493 2658 1621 2729 Hic
1677 2679 1964 2750 namque
2025 2651 2190 2727 illud
2244 2656 2508 2728 obtinet
2553 2658 2737 2749 quod

573 2775 919 2866 sapienter
978 2783 1209 2846 monet
1266 2776 1756 2847 celeberrimus
1817 2777 2191 2846 Annalium
2251 2777 2733 2845 ecclesiastico-

569 2899 726 2960 rum
761 2911 1036 2982 parens,
1079 2888 1162 2959 ad
1214 2910 1463 2959 annum
1517 2888 1661 2959 356
1706 2914 1719 2960 :
1768 2918 1804 2953 «
1841 2890 2081 2972 Sicut‚'
2116 2890 2362 2981 inquit,
2407 2885 2736 2961 effossum

573 3005 860 3077 informe
891 3027 1126 3077 aurum
1163 3013 1230 3077 et
1266 3005 1435 3076 rude
1487 3026 1568 3076 eo
1625 3005 1848 3076 carius
1903 3026 2058 3076 esse
2096 3007 2299 3089 solet,
2342 3005 2525 3098 quod
2566 3006 2737 3076 nihil

569 3121 878 3194 videatur
912 3122 1194 3193 alterius
1233 3121 1485 3193 metalli
1523 3121 1772 3192 habere
1808 3120 2283 3202 commixtum;
2329 3121 2419 3191 ita
2456 3122 2735 3215 egregia
2798 3211 2799 3220 ἵ

570 3247 1041 3319 monumenta,
1102 3257 1223 3307 sua
1278 3237 1429 3328 ipsa
1477 3243 1814 3308 vetustate
1867 3245 2068 3329 atque
2121 3235 2557 3328 simplicitate
2610 3237 2731 3306 mi-

570 3354 828 3436 cantia,
897 3353 1147 3445 quibus
1210 3374 1321 3425 res
1386 3354 1614 3445 potius
1670 3374 1871 3445 quam
1929 3353 2136 3424 verba
2186 3352 2254 3421 in
2308 3353 2530 3444 pretio
2581 3373 2735 3425 esse

570 3471 820 3554 solent,
888 3470 1187 3563 gratiora
1246 3472 1448 3562 plane
1509 3477 1709 3542 erunt
1768 3479 1970 3562 atque
2023 3469 2433 3561 jucundiora
2493 3471 2736 3563 quovis

568 3586 827 3677 scripto
877 3586 1281 3657 recentioris
1337 3586 1667 3669 auctoris,
1729 3586 2275 3677 quibuscumque
2328 3586 2738 3678 eloquentiae

565 3701 867 3794 phaleris
904 3707 1256 3773 exornato.
1307 3701 1653 3794 Quidquid
1708 3701 1887 3772 enim
1941 3701 2308 3772 obducitur
2342 3701 2499 3772 fuco
2536 3710 2738 3794 atque

568 3817 941 3908 pigmentis
1005 3826 1403 3908 suspectum
1464 3816 1807 3898 redditur;
1877 3816 2364 3908 pulchriorque
2423 3816 2738 3887 enitescit

567 3933 716 4025 ipsa
751 3955 873 4005 sua
908 3934 1199 4025 puritate
1237 3934 1671 4025 simplicitas,
1706 3954 1884 4024 quae,
1920 3932 2103 4025 quod
2133 3932 2404 4003 mentiri
2443 3933 2728 4018 nesciat,

633 4197 705 4261 (ι)
743 4199 801 4248 ln
842 4208 1009 4263 opere
1048 4195 1505 4263 praestantissimo
1546 4198 1898 4252 Mandatsche
1941 4198 2284 4252 Grammatik
2324 4198 2516 4263 (ualle,
2563 4199 2735 4263 ¹875),

567 4295 621 4347 p.
649 4282 730 4332 21.
761 4279 864 4332 cfr.
892 4279 1130 4345 Sassius,
1155 4293 1208 4346 p.
1240 4280 1319 4331 ¹6.
