<?xml version="1.0" encoding="UTF-8"?>
<!DOCTYPE html PUBLIC "-//W3C//DTD XHTML 1.0 Transitional//EN"
    "http://www.w3.org/TR/xhtml1/DTD/xhtml1-transitional.dtd">
<html xmlns="http://www.w3.org/1999/xhtml" xml:lang="en" lang="en">
 <head>
  <title>
</title>
<meta http-equiv="Content-Type" content="text/html;charset=utf-8" />
  <meta name='ocr-system' content='tesseract 3.04.00' />
  <meta name='ocr-capabilities' content='ocr_page ocr_carea ocr_par ocr_line ocrx_word'/>
</head>
<body>
  <div class='ocr_page' id='page_1' title='image "./devitaetscripti00forggoog_0243.png"; bbox 0 0 3175 5084; ppageno 0'>
   <div class='ocr_carea' id='block_1_1' title="bbox 1337 465 1784 531">
    <p class='ocr_par' dir='ltr' id='par_1_1' title="bbox 1337 465 1784 531">
     <span class='ocr_line' id='line_1_1' title="bbox 1337 465 1784 531; baseline 0 -18"><span class='ocrx_word' id='word_1_1' title='bbox 1337 465 1784 531; x_wconf 67' lang='lat'>„221-</span> 
     </span>
    </p>
   </div>
   <div class='ocr_carea' id='block_1_2' title="bbox 447 651 2707 4330">
    <p class='ocr_par' dir='ltr' id='par_1_2' title="bbox 465 651 2643 1790">
     <span class='ocr_line' id='line_1_2' title="bbox 469 651 2641 747; baseline -0.001 -22"><span class='ocrx_word' id='word_1_2' title='bbox 469 660 599 725; x_wconf 88' lang='lat' dir='ltr'>est.</span> <span class='ocrx_word' id='word_1_3' title='bbox 658 653 827 724; x_wconf 89' lang='lat' dir='ltr'>Item</span> <span class='ocrx_word' id='word_1_4' title='bbox 878 652 1208 725; x_wconf 89' lang='lat' dir='ltr'>instruam</span> <span class='ocrx_word' id='word_1_5' title='bbox 1263 660 1332 725; x_wconf 88' lang='lat' dir='ltr'>te</span> <span class='ocrx_word' id='word_1_6' title='bbox 1366 652 1453 726; x_wconf 91' lang='lat' dir='ltr'>de</span> <span class='ocrx_word' id='word_1_7' title='bbox 1487 654 1619 725; x_wconf 89' lang='lat' dir='ltr'>alia</span> <span class='ocrx_word' id='word_1_8' title='bbox 1668 674 1742 726; x_wconf 91' lang='lat' dir='ltr'>re</span> <span class='ocrx_word' id='word_1_9' title='bbox 1791 674 1993 746; x_wconf 86' lang='lat' dir='ltr'>quam</span> <span class='ocrx_word' id='word_1_10' title='bbox 2047 651 2458 747; x_wconf 83' lang='lat' dir='ltr'>quaesivisti,</span> <span class='ocrx_word' id='word_1_11' title='bbox 2518 672 2641 724; x_wconf 91' lang='lat' dir='ltr'>cur</span> 
     </span>
     <span class='ocr_line' id='line_1_3' title="bbox 469 767 2639 863; baseline -0 -24"><span class='ocrx_word' id='word_1_12' title='bbox 469 788 713 863; x_wconf 84' lang='lat' dir='ltr'><strong>nempe</strong></span> <span class='ocrx_word' id='word_1_13' title='bbox 764 768 1110 860; x_wconf 83' lang='lat' dir='ltr'>justorum</span> <span class='ocrx_word' id='word_1_14' title='bbox 1172 788 1416 861; x_wconf 80' lang='lat' dir='ltr'>preces</span> <span class='ocrx_word' id='word_1_15' title='bbox 1479 789 1660 841; x_wconf 88' lang='lat' dir='ltr'>nunc</span> <span class='ocrx_word' id='word_1_16' title='bbox 1720 767 2054 841; x_wconf 82' lang='lat' dir='ltr'>exauditae</span> <span class='ocrx_word' id='word_1_17' title='bbox 2113 791 2152 840; x_wconf 89' lang='lat' dir='ltr'>a</span> <span class='ocrx_word' id='word_1_18' title='bbox 2208 768 2389 851; x_wconf 92' lang='lat' dir='ltr'>Deo,</span> <span class='ocrx_word' id='word_1_19' title='bbox 2458 787 2639 839; x_wconf 90' lang='lat' dir='ltr'>nunc</span> 
     </span>
     <span class='ocr_line' id='line_1_4' title="bbox 467 882 2638 974; baseline 0 -21"><span class='ocrx_word' id='word_1_20' title='bbox 467 883 735 974; x_wconf 82' lang='lat' dir='ltr'>rejectae</span> <span class='ocrx_word' id='word_1_21' title='bbox 791 883 1070 955; x_wconf 85' lang='lat' dir='ltr'>fuerint.</span> <span class='ocrx_word' id='word_1_22' title='bbox 1130 883 1414 956; x_wconf 90' lang='lat' dir='ltr'>Demum</span> <span class='ocrx_word' id='word_1_23' title='bbox 1476 882 1865 956; x_wconf 82' lang='lat' dir='ltr'>describam</span> <span class='ocrx_word' id='word_1_24' title='bbox 1929 883 2054 955; x_wconf 89' lang='lat' dir='ltr'>tibi</span> <span class='ocrx_word' id='word_1_25' title='bbox 2115 903 2333 955; x_wconf 88' lang='lat' dir='ltr'>annos</span> <span class='ocrx_word' id='word_1_26' title='bbox 2387 883 2638 954; x_wconf 90' lang='lat' dir='ltr'>unius-</span> 
     </span>
     <span class='ocr_line' id='line_1_5' title="bbox 467 999 2640 1094; baseline -0 -24"><span class='ocrx_word' id='word_1_27' title='bbox 467 999 799 1093; x_wconf 88' lang='lat' dir='ltr'>cujusque</span> <span class='ocrx_word' id='word_1_28' title='bbox 835 1000 1141 1092; x_wconf 88' lang='lat' dir='ltr'>priorum</span> <span class='ocrx_word' id='word_1_29' title='bbox 1178 999 1726 1094; x_wconf 81' lang='lat' dir='ltr'>generationum,</span> <span class='ocrx_word' id='word_1_30' title='bbox 1771 1020 1989 1093; x_wconf 91' lang='lat' dir='ltr'>usque</span> <span class='ocrx_word' id='word_1_31' title='bbox 2041 1000 2125 1071; x_wconf 89' lang='lat' dir='ltr'>ad</span> <span class='ocrx_word' id='word_1_32' title='bbox 2179 1020 2326 1071; x_wconf 89' lang='lat' dir='ltr'>eam</span> <span class='ocrx_word' id='word_1_33' title='bbox 2372 1008 2640 1072; x_wconf 86' lang='lat' dir='ltr'>aetatem</span> 
     </span>
     <span class='ocr_line' id='line_1_6' title="bbox 468 1116 2641 1210; baseline 0 -24"><span class='ocrx_word' id='word_1_34' title='bbox 468 1137 599 1208; x_wconf 88' lang='lat' dir='ltr'>qua</span> <span class='ocrx_word' id='word_1_35' title='bbox 657 1116 1085 1210; x_wconf 85' lang='lat' dir='ltr'>Jerosolyma</span> <span class='ocrx_word' id='word_1_36' title='bbox 1135 1126 1395 1189; x_wconf 89' lang='lat' dir='ltr'>vastata</span> <span class='ocrx_word' id='word_1_37' title='bbox 1442 1124 1550 1188; x_wconf 90' lang='lat' dir='ltr'>est</span> <span class='ocrx_word' id='word_1_38' title='bbox 1602 1125 1669 1188; x_wconf 89' lang='lat' dir='ltr'>et</span> <span class='ocrx_word' id='word_1_39' title='bbox 1722 1116 1940 1209; x_wconf 90' lang='lat' dir='ltr'>gratia</span> <span class='ocrx_word' id='word_1_40' title='bbox 1994 1116 2115 1187; x_wconf 90' lang='lat' dir='ltr'>Dei</span> <span class='ocrx_word' id='word_1_41' title='bbox 2179 1116 2506 1208; x_wconf 69' lang='lat' dir='ltr'>spoliata3</span> <span class='ocrx_word' id='word_1_42' title='bbox 2572 1124 2641 1187; x_wconf 88' lang='lat' dir='ltr'>et</span> 
     </span>
     <span class='ocr_line' id='line_1_7' title="bbox 468 1230 2642 1325; baseline 0 -23"><span class='ocrx_word' id='word_1_43' title='bbox 468 1231 823 1303; x_wconf 89' lang='lat' dir='ltr'>ostendam</span> <span class='ocrx_word' id='word_1_44' title='bbox 886 1252 1019 1325; x_wconf 92' lang='lat' dir='ltr'>qua</span> <span class='ocrx_word' id='word_1_45' title='bbox 1082 1231 1549 1305; x_wconf 88' lang='lat' dir='ltr'>sollicitudine</span> <span class='ocrx_word' id='word_1_46' title='bbox 1601 1231 1775 1323; x_wconf 84' lang='lat' dir='ltr'>justi</span> <span class='ocrx_word' id='word_1_47' title='bbox 1844 1230 2395 1303; x_wconf 82' lang='lat' dir='ltr'>benedictionem</span> <span class='ocrx_word' id='word_1_48' title='bbox 2462 1253 2501 1301; x_wconf 90' lang='lat' dir='ltr'>a</span> <span class='ocrx_word' id='word_1_49' title='bbox 2564 1252 2642 1302; x_wconf 91' lang='lat' dir='ltr'>se</span> 
     </span>
     <span class='ocr_line' id='line_1_8' title="bbox 468 1345 2640 1439; baseline 0.001 -23"><span class='ocrx_word' id='word_1_50' title='bbox 468 1345 875 1419; x_wconf 89' lang='lat' dir='ltr'>defluentem</span> <span class='ocrx_word' id='word_1_51' title='bbox 912 1347 1395 1430; x_wconf 82' lang='lat' dir='ltr'>custodierint,</span> <span class='ocrx_word' id='word_1_52' title='bbox 1438 1347 1662 1419; x_wconf 91' lang='lat' dir='ltr'>donec</span> <span class='ocrx_word' id='word_1_53' title='bbox 1713 1366 1840 1438; x_wconf 89' lang='lat' dir='ltr'>per</span> <span class='ocrx_word' id='word_1_54' title='bbox 1890 1346 2238 1418; x_wconf 81' lang='lat' dir='ltr'>Christum</span> <span class='ocrx_word' id='word_1_55' title='bbox 2274 1345 2358 1416; x_wconf 91' lang='lat' dir='ltr'>ad</span> <span class='ocrx_word' id='word_1_56' title='bbox 2397 1354 2640 1439; x_wconf 82' lang='lat' dir='ltr'>gentes</span> 
     </span>
     <span class='ocr_line' id='line_1_9' title="bbox 467 1460 2643 1537; baseline 0 -5"><span class='ocrx_word' id='word_1_57' title='bbox 467 1460 911 1535; x_wconf 85' lang='lat' dir='ltr'>derivaretur.</span> <span class='ocrx_word' id='word_1_58' title='bbox 955 1491 991 1528; x_wconf 69' lang='grc' dir='ltr'>ι»</span> <span class='ocrx_word' id='word_1_59' title='bbox 1026 1502 1121 1517; x_wconf 92' lang='lat'>--</span> <span class='ocrx_word' id='word_1_60' title='bbox 1147 1463 1356 1537; x_wconf 88' lang='lat' dir='ltr'>Vides</span> <span class='ocrx_word' id='word_1_61' title='bbox 1391 1462 1459 1533; x_wconf 92' lang='lat' dir='ltr'>in</span> <span class='ocrx_word' id='word_1_62' title='bbox 1500 1462 1692 1535; x_wconf 90' lang='lat' dir='ltr'>hisce</span> <span class='ocrx_word' id='word_1_63' title='bbox 1728 1462 1904 1534; x_wconf 92' lang='lat' dir='ltr'>locis</span> <span class='ocrx_word' id='word_1_64' title='bbox 1939 1482 2331 1534; x_wconf 90' lang='lat' dir='ltr'>sermonem</span> <span class='ocrx_word' id='word_1_65' title='bbox 2369 1461 2519 1534; x_wconf 89' lang='lat' dir='ltr'>fieri</span> <span class='ocrx_word' id='word_1_66' title='bbox 2556 1462 2643 1533; x_wconf 93' lang='lat' dir='ltr'>de</span> 
     </span>
     <span class='ocr_line' id='line_1_10' title="bbox 467 1576 2642 1673; baseline 0 -23"><span class='ocrx_word' id='word_1_67' title='bbox 467 1578 778 1671; x_wconf 81' lang='lat' dir='ltr'>quaesitis</span> <span class='ocrx_word' id='word_1_68' title='bbox 813 1599 1103 1672; x_wconf 87' lang='lat' dir='ltr'>quorum</span> <span class='ocrx_word' id='word_1_69' title='bbox 1140 1579 1209 1649; x_wconf 89' lang='lat' dir='ltr'>in</span> <span class='ocrx_word' id='word_1_70' title='bbox 1244 1581 1546 1670; x_wconf 71' lang='lat' dir='ltr'>Epistola</span> <span class='ocrx_word' id='word_1_71' title='bbox 1582 1600 1789 1673; x_wconf 84' lang='lat' dir='ltr'>pagg.</span> <span class='ocrx_word' id='word_1_72' title='bbox 1832 1576 1925 1649; x_wconf 87' lang='grc'>68</span> <span class='ocrx_word' id='word_1_73' title='bbox 1961 1587 2030 1650; x_wconf 90' lang='lat' dir='ltr'>et</span> <span class='ocrx_word' id='word_1_74' title='bbox 2068 1577 2159 1649; x_wconf 83' lang='lat'>69</span> <span class='ocrx_word' id='word_1_75' title='bbox 2198 1580 2478 1651; x_wconf 87' lang='lat' dir='ltr'>recitata</span> <span class='ocrx_word' id='word_1_76' title='bbox 2515 1599 2642 1651; x_wconf 88' lang='lat' dir='ltr'>nec</span> 
     </span>
     <span class='ocr_line' id='line_1_11' title="bbox 465 1695 1757 1790; baseline 0.001 -23"><span class='ocrx_word' id='word_1_77' title='bbox 465 1695 831 1790; x_wconf 83' lang='lat' dir='ltr'>vestigium</span> <span class='ocrx_word' id='word_1_78' title='bbox 870 1717 997 1769; x_wconf 90' lang='lat' dir='ltr'>nec</span> <span class='ocrx_word' id='word_1_79' title='bbox 1029 1696 1251 1769; x_wconf 89' lang='lat' dir='ltr'>volam</span> <span class='ocrx_word' id='word_1_80' title='bbox 1288 1696 1595 1788; x_wconf 88' lang='lat' dir='ltr'>reperire</span> <span class='ocrx_word' id='word_1_81' title='bbox 1624 1704 1757 1768; x_wconf 89' lang='lat' dir='ltr'>est.</span> 
     </span>
    </p>

    <p class='ocr_par' dir='ltr' id='par_1_3' title="bbox 447 1810 2707 3981">
     <span class='ocr_line' id='line_1_12' title="bbox 563 1810 2641 1904; baseline -0 -22"><span class='ocrx_word' id='word_1_82' title='bbox 563 1813 800 1904; x_wconf 90' lang='lat' dir='ltr'>Neque</span> <span class='ocrx_word' id='word_1_83' title='bbox 837 1820 1059 1883; x_wconf 89' lang='lat' dir='ltr'>tamen</span> <span class='ocrx_word' id='word_1_84' title='bbox 1097 1832 1179 1883; x_wconf 86' lang='lat' dir='ltr'>ex</span> <span class='ocrx_word' id='word_1_85' title='bbox 1216 1811 1636 1884; x_wconf 85' lang='lat' dir='ltr'>testimoniis</span> <span class='ocrx_word' id='word_1_86' title='bbox 1670 1810 1987 1883; x_wconf 85' lang='lat' dir='ltr'>adductis</span> <span class='ocrx_word' id='word_1_87' title='bbox 2040 1811 2334 1904; x_wconf 88' lang='lat' dir='ltr'>aliisque</span> <span class='ocrx_word' id='word_1_88' title='bbox 2397 1811 2641 1883; x_wconf 89' lang='lat' dir='ltr'>simili-</span> 
     </span>
     <span class='ocr_line' id='line_1_13' title="bbox 467 1923 2697 2019; baseline 0 -21"><span class='ocrx_word' id='word_1_89' title='bbox 467 1926 594 1999; x_wconf 88' lang='lat' dir='ltr'>bus</span> <span class='ocrx_word' id='word_1_90' title='bbox 631 1925 866 1998; x_wconf 88' lang='lat' dir='ltr'>licebit</span> <span class='ocrx_word' id='word_1_91' title='bbox 899 1926 1227 1999; x_wconf 89' lang='lat' dir='ltr'>continuo</span> <span class='ocrx_word' id='word_1_92' title='bbox 1275 1926 1553 2010; x_wconf 85' lang='lat' dir='ltr'>inferre,</span> <span class='ocrx_word' id='word_1_93' title='bbox 1595 1923 2007 2019; x_wconf 81' lang='lat' dir='ltr'>Aphraatem</span> <span class='ocrx_word' id='word_1_94' title='bbox 2061 1926 2144 1997; x_wconf 92' lang='lat' dir='ltr'>ad</span> <span class='ocrx_word' id='word_1_95' title='bbox 2201 1926 2642 1998; x_wconf 90' lang='lat' dir='ltr'>scribendum</span> <span class='ocrx_word' id='word_1_96' title='bbox 2688 1995 2697 2006; x_wconf 82' lang='lat'>,</span> 
     </span>
     <span class='ocr_line' id='line_1_14' title="bbox 469 2040 2646 2135; baseline 0.001 -24"><span class='ocrx_word' id='word_1_97' title='bbox 469 2041 743 2113; x_wconf 89' lang='lat' dir='ltr'>nonnisi</span> <span class='ocrx_word' id='word_1_98' title='bbox 780 2040 981 2112; x_wconf 90' lang='lat' dir='ltr'>amici</span> <span class='ocrx_word' id='word_1_99' title='bbox 1036 2041 1692 2135; x_wconf 86' lang='lat' dir='ltr'>interrogationibus</span> <span class='ocrx_word' id='word_1_100' title='bbox 1748 2040 2103 2112; x_wconf 89' lang='lat' dir='ltr'>inductum</span> <span class='ocrx_word' id='word_1_101' title='bbox 2160 2061 2343 2125; x_wconf 89' lang='lat' dir='ltr'>esse,</span> <span class='ocrx_word' id='word_1_102' title='bbox 2404 2042 2511 2114; x_wconf 90' lang='lat' dir='ltr'>vel</span> <span class='ocrx_word' id='word_1_103' title='bbox 2566 2063 2646 2113; x_wconf 90' lang='lat' dir='ltr'>ea</span> 
     </span>
     <span class='ocr_line' id='line_1_15' title="bbox 468 2155 2634 2251; baseline -0 -24"><span class='ocrx_word' id='word_1_104' title='bbox 468 2165 726 2229; x_wconf 89' lang='lat' dir='ltr'>tantum</span> <span class='ocrx_word' id='word_1_105' title='bbox 763 2156 1164 2230; x_wconf 88' lang='lat' dir='ltr'>tractavisse</span> <span class='ocrx_word' id='word_1_106' title='bbox 1200 2156 1287 2228; x_wconf 83' lang='lat' dir='ltr'>de</span> <span class='ocrx_word' id='word_1_107' title='bbox 1340 2156 1594 2249; x_wconf 86' lang='lat' dir='ltr'>quibus</span> <span class='ocrx_word' id='word_1_108' title='bbox 1649 2165 1885 2251; x_wconf 86' lang='lat' dir='ltr'>rogata</span> <span class='ocrx_word' id='word_1_109' title='bbox 1941 2156 2281 2227; x_wconf 89' lang='lat' dir='ltr'>sententia</span> <span class='ocrx_word' id='word_1_110' title='bbox 2332 2155 2578 2228; x_wconf 88' lang='lat' dir='ltr'>fuisset</span> <span class='ocrx_word' id='word_1_111' title='bbox 2620 2182 2634 2226; x_wconf 90' lang='lat'>:</span> 
     </span>
     <span class='ocr_line' id='line_1_16' title="bbox 468 2271 2641 2364; baseline 0.001 -24"><span class='ocrx_word' id='word_1_112' title='bbox 468 2271 618 2364; x_wconf 92' lang='lat' dir='ltr'>ipse</span> <span class='ocrx_word' id='word_1_113' title='bbox 657 2272 836 2344; x_wconf 89' lang='lat' dir='ltr'>enim</span> <span class='ocrx_word' id='word_1_114' title='bbox 874 2271 1047 2343; x_wconf 91' lang='lat' dir='ltr'>haud</span> <span class='ocrx_word' id='word_1_115' title='bbox 1087 2272 1301 2344; x_wconf 91' lang='lat' dir='ltr'>semel</span> <span class='ocrx_word' id='word_1_116' title='bbox 1354 2279 1646 2343; x_wconf 89' lang='lat' dir='ltr'>testatur</span> <span class='ocrx_word' id='word_1_117' title='bbox 1695 2271 1878 2342; x_wconf 89' lang='lat' dir='ltr'>varia</span> <span class='ocrx_word' id='word_1_118' title='bbox 1914 2292 1952 2341; x_wconf 90' lang='lat' dir='ltr'>a</span> <span class='ocrx_word' id='word_1_119' title='bbox 1987 2292 2064 2342; x_wconf 91' lang='lat' dir='ltr'>se</span> <span class='ocrx_word' id='word_1_120' title='bbox 2097 2278 2350 2364; x_wconf 82' lang='lat' dir='ltr'>praeter</span> <span class='ocrx_word' id='word_1_121' title='bbox 2400 2271 2641 2343; x_wconf 89' lang='lat' dir='ltr'>scisci-</span> 
     </span>
     <span class='ocr_line' id='line_1_17' title="bbox 468 2386 2640 2479; baseline 0 -21"><span class='ocrx_word' id='word_1_122' title='bbox 468 2386 676 2458; x_wconf 90' lang='lat' dir='ltr'>tantis</span> <span class='ocrx_word' id='word_1_123' title='bbox 729 2386 1147 2459; x_wconf 87' lang='lat' dir='ltr'>desiderium</span> <span class='ocrx_word' id='word_1_124' title='bbox 1201 2396 1271 2458; x_wconf 89' lang='lat' dir='ltr'>et</span> <span class='ocrx_word' id='word_1_125' title='bbox 1324 2386 1855 2478; x_wconf 90' lang='lat' dir='ltr'>postulationem</span> <span class='ocrx_word' id='word_1_126' title='bbox 1915 2386 2213 2478; x_wconf 90' lang='lat' dir='ltr'>proponi</span> <span class='ocrx_word' id='word_1_127' title='bbox 2268 2394 2474 2479; x_wconf 88' lang='lat' dir='ltr'>atque</span> <span class='ocrx_word' id='word_1_128' title='bbox 2526 2408 2640 2458; x_wconf 86' lang='lat' dir='ltr'>ex-</span> 
     </span>
     <span class='ocr_line' id='line_1_18' title="bbox 468 2491 2707 2594; baseline 0 -22"><span class='ocrx_word' id='word_1_129' title='bbox 468 2502 731 2594; x_wconf 89' lang='lat' dir='ltr'>plicari.</span> <span class='ocrx_word' id='word_1_130' title='bbox 799 2503 942 2575; x_wconf 90' lang='lat' dir='ltr'>lmo</span> <span class='ocrx_word' id='word_1_131' title='bbox 1001 2501 1322 2594; x_wconf 87' lang='lat' dir='ltr'>majorem</span> <span class='ocrx_word' id='word_1_132' title='bbox 1387 2504 1961 2576; x_wconf 77' lang='lat' dir='ltr'>Dissertationum</span> <span class='ocrx_word' id='word_1_133' title='bbox 2025 2511 2288 2594; x_wconf 93' lang='lat' dir='ltr'>partem</span> <span class='ocrx_word' id='word_1_134' title='bbox 2360 2522 2496 2574; x_wconf 89' lang='lat' dir='ltr'>non</span> <span class='ocrx_word' id='word_1_135' title='bbox 2557 2502 2641 2573; x_wconf 90' lang='lat' dir='ltr'>ad</span> <span class='ocrx_word' id='word_1_136' title='bbox 2702 2491 2707 2498; x_wconf 69' lang='grc'><strong><em>’</em></strong></span> 
     </span>
     <span class='ocr_line' id='line_1_19' title="bbox 469 2616 2641 2711; baseline -0 -23"><span class='ocrx_word' id='word_1_137' title='bbox 469 2638 724 2691; x_wconf 92' lang='lat' dir='ltr'>morem</span> <span class='ocrx_word' id='word_1_138' title='bbox 779 2617 983 2689; x_wconf 88' lang='lat' dir='ltr'>alicui</span> <span class='ocrx_word' id='word_1_139' title='bbox 1035 2618 1296 2710; x_wconf 88' lang='lat' dir='ltr'>petenti</span> <span class='ocrx_word' id='word_1_140' title='bbox 1344 2617 1750 2711; x_wconf 88' lang='lat' dir='ltr'>gerendum,</span> <span class='ocrx_word' id='word_1_141' title='bbox 1821 2617 1947 2689; x_wconf 90' lang='lat' dir='ltr'>sed</span> <span class='ocrx_word' id='word_1_142' title='bbox 2001 2616 2349 2709; x_wconf 84' lang='lat' dir='ltr'>praecipue</span> <span class='ocrx_word' id='word_1_143' title='bbox 2402 2617 2641 2688; x_wconf 87' lang='lat' dir='ltr'>saltem</span> 
     </span>
     <span class='ocr_line' id='line_1_20' title="bbox 467 2732 2641 2826; baseline 0 -23"><span class='ocrx_word' id='word_1_144' title='bbox 467 2742 752 2826; x_wconf 93' lang='lat' dir='ltr'>propter</span> <span class='ocrx_word' id='word_1_145' title='bbox 786 2742 1165 2826; x_wconf 82' lang='lat' dir='ltr'>praesentes</span> <span class='ocrx_word' id='word_1_146' title='bbox 1199 2733 1309 2805; x_wconf 93' lang='lat' dir='ltr'>vel</span> <span class='ocrx_word' id='word_1_147' title='bbox 1348 2732 1781 2803; x_wconf 91' lang='lat' dir='ltr'>imminentes</span> <span class='ocrx_word' id='word_1_148' title='bbox 1819 2732 2158 2824; x_wconf 89' lang='lat' dir='ltr'>temporis</span> <span class='ocrx_word' id='word_1_149' title='bbox 2195 2732 2641 2804; x_wconf 87' lang='lat' dir='ltr'>necessitates</span> 
     </span>
     <span class='ocr_line' id='line_1_21' title="bbox 467 2846 2641 2941; baseline 0 -22"><span class='ocrx_word' id='word_1_150' title='bbox 467 2858 581 2920; x_wconf 88' lang='lat' dir='ltr'>aut</span> <span class='ocrx_word' id='word_1_151' title='bbox 640 2870 723 2920; x_wconf 86' lang='lat' dir='ltr'>ex</span> <span class='ocrx_word' id='word_1_152' title='bbox 785 2846 1170 2940; x_wconf 88' lang='lat' dir='ltr'>polemico,</span> <span class='ocrx_word' id='word_1_153' title='bbox 1242 2868 1442 2941; x_wconf 90' lang='lat' dir='ltr'>quem</span> <span class='ocrx_word' id='word_1_154' title='bbox 1501 2848 1735 2930; x_wconf 84' lang='lat' dir='ltr'>aiunt,</span> <span class='ocrx_word' id='word_1_155' title='bbox 1800 2847 1935 2918; x_wconf 87' lang='lat' dir='ltr'>fine</span> <span class='ocrx_word' id='word_1_156' title='bbox 1997 2847 2248 2921; x_wconf 88' lang='lat' dir='ltr'>editam</span> <span class='ocrx_word' id='word_1_157' title='bbox 2308 2868 2491 2930; x_wconf 88' lang='lat' dir='ltr'>esse,</span> <span class='ocrx_word' id='word_1_158' title='bbox 2558 2869 2641 2920; x_wconf 86' lang='lat' dir='ltr'>ex</span> 
     </span>
     <span class='ocr_line' id='line_1_22' title="bbox 468 2964 2638 3057; baseline 0 -23"><span class='ocrx_word' id='word_1_159' title='bbox 468 2965 743 3038; x_wconf 91' lang='lat' dir='ltr'>indiciis</span> <span class='ocrx_word' id='word_1_160' title='bbox 780 2965 1176 3037; x_wconf 87' lang='lat' dir='ltr'>intrinsecis</span> <span class='ocrx_word' id='word_1_161' title='bbox 1211 2965 1448 3057; x_wconf 90' lang='lat' dir='ltr'>colligi</span> <span class='ocrx_word' id='word_1_162' title='bbox 1483 2985 1695 3056; x_wconf 90' lang='lat' dir='ltr'>posse</span> <span class='ocrx_word' id='word_1_163' title='bbox 1733 2965 2135 3057; x_wconf 90' lang='lat' dir='ltr'>putaverim.</span> <span class='ocrx_word' id='word_1_164' title='bbox 2177 2964 2373 3051; x_wconf 88' lang='lat' dir='ltr'>Quod</span> <span class='ocrx_word' id='word_1_165' title='bbox 2405 2985 2638 3036; x_wconf 89' lang='lat' dir='ltr'>verum</span> 
     </span>
     <span class='ocr_line' id='line_1_23' title="bbox 467 3079 2634 3163; baseline -0.001 -9"><span class='ocrx_word' id='word_1_166' title='bbox 467 3080 737 3154; x_wconf 89' lang='lat' dir='ltr'>videtur</span> <span class='ocrx_word' id='word_1_167' title='bbox 788 3089 929 3152; x_wconf 93' lang='lat' dir='ltr'>tum</span> <span class='ocrx_word' id='word_1_168' title='bbox 981 3081 1067 3153; x_wconf 91' lang='lat' dir='ltr'>de</span> <span class='ocrx_word' id='word_1_169' title='bbox 1119 3081 1412 3152; x_wconf 85' lang='lat' dir='ltr'>Homilia</span> <span class='ocrx_word' id='word_1_170' title='bbox 1467 3082 1541 3162; x_wconf 93' lang='lat' dir='ltr'>V,</span> <span class='ocrx_word' id='word_1_171' title='bbox 1601 3089 1745 3150; x_wconf 90' lang='lat' dir='ltr'>tum</span> <span class='ocrx_word' id='word_1_172' title='bbox 1796 3079 1881 3150; x_wconf 87' lang='lat' dir='ltr'>de</span> <span class='ocrx_word' id='word_1_173' title='bbox 1931 3081 2245 3151; x_wconf 75' lang='lat' dir='ltr'>Homiliis</span> <span class='ocrx_word' id='word_1_174' title='bbox 2297 3081 2634 3163; x_wconf 87' lang='lat' dir='ltr'>XI-XXII,</span> 
     </span>
     <span class='ocr_line' id='line_1_24' title="bbox 469 3195 2638 3289; baseline 0.001 -21"><span class='ocrx_word' id='word_1_175' title='bbox 469 3217 605 3268; x_wconf 89' lang='lat' dir='ltr'>non</span> <span class='ocrx_word' id='word_1_176' title='bbox 642 3197 863 3267; x_wconf 90' lang='lat' dir='ltr'>solum</span> <span class='ocrx_word' id='word_1_177' title='bbox 916 3197 1077 3289; x_wconf 93' lang='lat' dir='ltr'>quia</span> <span class='ocrx_word' id='word_1_178' title='bbox 1111 3196 1178 3266; x_wconf 90' lang='lat' dir='ltr'>in</span> <span class='ocrx_word' id='word_1_179' title='bbox 1217 3196 1326 3267; x_wconf 93' lang='lat' dir='ltr'>his</span> <span class='ocrx_word' id='word_1_180' title='bbox 1379 3195 1712 3267; x_wconf 89' lang='lat' dir='ltr'>tredecim</span> <span class='ocrx_word' id='word_1_181' title='bbox 1765 3195 2378 3280; x_wconf 89' lang='lat' dir='ltr'>lucubrationibus,</span> <span class='ocrx_word' id='word_1_182' title='bbox 2435 3218 2638 3270; x_wconf 91' lang='lat' dir='ltr'>secus</span> 
     </span>
     <span class='ocr_line' id='line_1_25' title="bbox 468 3312 2636 3407; baseline 0 -22"><span class='ocrx_word' id='word_1_183' title='bbox 468 3334 548 3385; x_wconf 91' lang='lat' dir='ltr'>ac</span> <span class='ocrx_word' id='word_1_184' title='bbox 607 3314 677 3383; x_wconf 90' lang='lat' dir='ltr'>in</span> <span class='ocrx_word' id='word_1_185' title='bbox 736 3312 1022 3406; x_wconf 89' lang='lat' dir='ltr'>reliquis</span> <span class='ocrx_word' id='word_1_186' title='bbox 1050 3370 1066 3396; x_wconf 96' lang='lat'>,</span> <span class='ocrx_word' id='word_1_187' title='bbox 1144 3314 1306 3385; x_wconf 90' lang='lat' dir='ltr'>licet</span> <span class='ocrx_word' id='word_1_188' title='bbox 1365 3321 1604 3385; x_wconf 92' lang='lat' dir='ltr'>auctor</span> <span class='ocrx_word' id='word_1_189' title='bbox 1665 3314 1816 3406; x_wconf 92' lang='lat' dir='ltr'>ipse</span> <span class='ocrx_word' id='word_1_190' title='bbox 1876 3314 2280 3407; x_wconf 91' lang='lat' dir='ltr'>plerumque</span> <span class='ocrx_word' id='word_1_191' title='bbox 2349 3336 2636 3407; x_wconf 87' lang='lat' dir='ltr'>scopum</span> 
     </span>
     <span class='ocr_line' id='line_1_26' title="bbox 468 3428 2639 3523; baseline 0.001 -24"><span class='ocrx_word' id='word_1_192' title='bbox 468 3429 777 3522; x_wconf 89' lang='lat' dir='ltr'>assignet</span> <span class='ocrx_word' id='word_1_193' title='bbox 809 3449 1011 3520; x_wconf 92' lang='lat' dir='ltr'>quem</span> <span class='ocrx_word' id='word_1_194' title='bbox 1050 3428 1520 3520; x_wconf 86' lang='lat' dir='ltr'>prosequitur,</span> <span class='ocrx_word' id='word_1_195' title='bbox 1567 3429 1749 3498; x_wconf 90' lang='lat' dir='ltr'>nulla</span> <span class='ocrx_word' id='word_1_196' title='bbox 1806 3429 2109 3499; x_wconf 89' lang='lat' dir='ltr'>occurrit</span> <span class='ocrx_word' id='word_1_197' title='bbox 2150 3429 2639 3523; x_wconf 89' lang='lat' dir='ltr'>cujuscumque</span> 
     </span>
     <span class='ocr_line' id='line_1_27' title="bbox 447 3541 2637 3637; baseline -0 -23"><span class='ocrx_word' id='word_1_198' title='bbox 447 3541 739 3635; x_wconf 57' lang='lat' dir='ltr'>&gt;quaesiti</span> <span class='ocrx_word' id='word_1_199' title='bbox 792 3542 1075 3627; x_wconf 91' lang='lat' dir='ltr'>mentio,</span> <span class='ocrx_word' id='word_1_200' title='bbox 1118 3543 1241 3614; x_wconf 90' lang='lat' dir='ltr'>sed</span> <span class='ocrx_word' id='word_1_201' title='bbox 1279 3541 1482 3614; x_wconf 88' lang='lat' dir='ltr'>etiam</span> <span class='ocrx_word' id='word_1_202' title='bbox 1519 3543 1681 3635; x_wconf 89' lang='lat' dir='ltr'>quia</span> <span class='ocrx_word' id='word_1_203' title='bbox 1720 3541 1788 3612; x_wconf 87' lang='lat' dir='ltr'>in</span> <span class='ocrx_word' id='word_1_204' title='bbox 1827 3541 2099 3626; x_wconf 90' lang='lat' dir='ltr'>iisdem,</span> <span class='ocrx_word' id='word_1_205' title='bbox 2143 3543 2203 3615; x_wconf 92' lang='lat' dir='ltr'>si</span> <span class='ocrx_word' id='word_1_206' title='bbox 2239 3543 2637 3637; x_wconf 88' lang='lat' dir='ltr'>vigesimam</span> 
     </span>
     <span class='ocr_line' id='line_1_28' title="bbox 468 3655 2633 3749; baseline 0.001 -23"><span class='ocrx_word' id='word_1_207' title='bbox 468 3665 537 3727; x_wconf 90' lang='lat' dir='ltr'>et</span> <span class='ocrx_word' id='word_1_208' title='bbox 572 3655 967 3749; x_wconf 88' lang='lat' dir='ltr'>vigesimam</span> <span class='ocrx_word' id='word_1_209' title='bbox 1003 3657 1371 3728; x_wconf 90' lang='lat' dir='ltr'>secundam</span> <span class='ocrx_word' id='word_1_210' title='bbox 1420 3657 1755 3749; x_wconf 68' lang='lat' dir='ltr'>excipias,</span> <span class='ocrx_word' id='word_1_211' title='bbox 1800 3657 2157 3749; x_wconf 90' lang='lat' dir='ltr'>conceptis</span> <span class='ocrx_word' id='word_1_212' title='bbox 2192 3658 2422 3730; x_wconf 91' lang='lat' dir='ltr'>verbis</span> <span class='ocrx_word' id='word_1_213' title='bbox 2460 3659 2633 3729; x_wconf 90' lang='lat' dir='ltr'>indi·</span> 
     </span>
     <span class='ocr_line' id='line_1_29' title="bbox 469 3771 2636 3868; baseline 0.001 -25"><span class='ocrx_word' id='word_1_214' title='bbox 469 3780 660 3843; x_wconf 89' lang='lat' dir='ltr'>catur</span> <span class='ocrx_word' id='word_1_215' title='bbox 691 3771 820 3842; x_wconf 87' lang='lat' dir='ltr'>alia</span> <span class='ocrx_word' id='word_1_216' title='bbox 854 3771 1203 3843; x_wconf 90' lang='lat' dir='ltr'>scribendi</span> <span class='ocrx_word' id='word_1_217' title='bbox 1240 3774 1543 3856; x_wconf 90' lang='lat' dir='ltr'>occasio,</span> <span class='ocrx_word' id='word_1_218' title='bbox 1606 3771 1946 3864; x_wconf 88' lang='lat' dir='ltr'>imprimis</span> <span class='ocrx_word' id='word_1_219' title='bbox 1975 3772 2367 3845; x_wconf 72' lang='lat' dir='ltr'>ludaeorum</span> <span class='ocrx_word' id='word_1_220' title='bbox 2415 3775 2636 3868; x_wconf 91' lang='lat' dir='ltr'>impu-</span> 
     </span>
     <span class='ocr_line' id='line_1_30' title="bbox 470 3870 2628 3981; baseline 0.003 -25"><span class='ocrx_word' id='word_1_221' title='bbox 470 3888 856 3980; x_wconf 80' lang='lat' dir='ltr'>gnationeS,</span> <span class='ocrx_word' id='word_1_222' title='bbox 889 3909 1058 3980; x_wconf 92' lang='lat' dir='ltr'>quas</span> <span class='ocrx_word' id='word_1_223' title='bbox 1094 3897 1493 3981; x_wconf 83' lang='lat' dir='ltr'>retorquere</span> <span class='ocrx_word' id='word_1_224' title='bbox 1528 3898 1733 3981; x_wconf 88' lang='lat' dir='ltr'>atque</span> <span class='ocrx_word' id='word_1_225' title='bbox 1773 3870 2088 3962; x_wconf 85' lang='lat' dir='ltr'>refellere</span> <span class='ocrx_word' id='word_1_226' title='bbox 2116 3910 2403 3963; x_wconf 90' lang='lat' dir='ltr'>necesse</span> <span class='ocrx_word' id='word_1_227' title='bbox 2429 3890 2628 3964; x_wconf 85' lang='lat' dir='ltr'>foret.</span> 
     </span>
    </p>

    <p class='ocr_par' dir='ltr' id='par_1_4' title="bbox 471 4003 2636 4330">
     <span class='ocr_line' id='line_1_31' title="bbox 569 4003 2634 4100; baseline 0.003 -28"><span class='ocrx_word' id='word_1_228' title='bbox 569 4003 654 4074; x_wconf 88' lang='lat' dir='ltr'>Et</span> <span class='ocrx_word' id='word_1_229' title='bbox 703 4022 867 4073; x_wconf 90' lang='lat' dir='ltr'>sane</span> <span class='ocrx_word' id='word_1_230' title='bbox 916 4012 1175 4075; x_wconf 90' lang='lat' dir='ltr'>tantum</span> <span class='ocrx_word' id='word_1_231' title='bbox 1226 4003 1419 4075; x_wconf 90' lang='lat' dir='ltr'>abest</span> <span class='ocrx_word' id='word_1_232' title='bbox 1471 4014 1545 4076; x_wconf 89' lang='lat' dir='ltr'>ut</span> <span class='ocrx_word' id='word_1_233' title='bbox 1596 4006 1971 4095; x_wconf 75' lang='lat' dir='ltr'>Epistolam</span> <span class='ocrx_word' id='word_1_234' title='bbox 2028 4004 2215 4091; x_wconf 85' lang='lat' dir='ltr'>XIV,</span> <span class='ocrx_word' id='word_1_235' title='bbox 2273 4028 2338 4077; x_wconf 91' lang='lat' dir='ltr'>v.</span> <span class='ocrx_word' id='word_1_236' title='bbox 2397 4026 2501 4100; x_wconf 86' lang='lat' dir='ltr'>g.,</span> <span class='ocrx_word' id='word_1_237' title='bbox 2551 4007 2634 4078; x_wconf 88' lang='lat' dir='ltr'>ad</span> 
     </span>
     <span class='ocr_line' id='line_1_32' title="bbox 471 4120 2636 4213; baseline 0.002 -24"><span class='ocrx_word' id='word_1_238' title='bbox 471 4121 941 4192; x_wconf 86' lang='lat' dir='ltr'>consulentem</span> <span class='ocrx_word' id='word_1_239' title='bbox 1002 4120 1444 4212; x_wconf 89' lang='lat' dir='ltr'>rescripserit</span> <span class='ocrx_word' id='word_1_240' title='bbox 1495 4121 1786 4213; x_wconf 90' lang='lat' dir='ltr'>Sapiens</span> <span class='ocrx_word' id='word_1_241' title='bbox 1836 4122 2072 4207; x_wconf 90' lang='lat' dir='ltr'>Persa,</span> <span class='ocrx_word' id='word_1_242' title='bbox 2132 4132 2205 4194; x_wconf 89' lang='lat' dir='ltr'>ut</span> <span class='ocrx_word' id='word_1_243' title='bbox 2257 4143 2383 4194; x_wconf 89' lang='lat' dir='ltr'>nec</span> <span class='ocrx_word' id='word_1_244' title='bbox 2434 4122 2636 4195; x_wconf 89' lang='lat' dir='ltr'>alicui</span> 
     </span>
     <span class='ocr_line' id='line_1_33' title="bbox 474 4230 2633 4330; baseline 0.002 -23"><span class='ocrx_word' id='word_1_245' title='bbox 474 4236 800 4330; x_wconf 87' lang='lat' dir='ltr'>singulari</span> <span class='ocrx_word' id='word_1_246' title='bbox 837 4257 1154 4328; x_wconf 85' lang='lat' dir='ltr'>personae</span> <span class='ocrx_word' id='word_1_247' title='bbox 1186 4236 1421 4308; x_wconf 91' lang='lat' dir='ltr'>eadem</span> <span class='ocrx_word' id='word_1_248' title='bbox 1458 4237 1755 4328; x_wconf 90' lang='lat' dir='ltr'>primum</span> <span class='ocrx_word' id='word_1_249' title='bbox 1793 4230 2391 4312; x_wconf 69' lang='lat' dir='ltr'>destinata‘fuerit.</span> <span class='ocrx_word' id='word_1_250' title='bbox 2439 4240 2633 4326; x_wconf 77' lang='lat' dir='ltr'>Unde</span> 
     </span>
    </p>
   </div>
  </div>
 </body>
</html>
