3175 5084
1238 459 1689 525 -327-

370 645 531 716 fuit.
575 643 687 715 Ait
743 652 963 725 autem
1018 643 1353 737 propheta
1387 640 1460 741 (1)
1519 668 1535 715 :
1596 646 1753 714 Post
1804 644 2240 714 hebdomades
2288 655 2541 733 septem

375 763 904 854 Hierosolymam
970 764 1217 834 iterum
1284 761 1796 849 aedificabimus.
1872 761 2242 854 Postquam
2318 760 2355 830 J
2362 758 2536 829 udaei

377 877 555 950 duce
605 877 822 948 Esdra
876 898 913 947 a
962 876 1376 969 captivitatis
1426 877 1580 949 loco
1630 875 2078 947 ascenderant
2108 882 2176 946 et
2210 875 2537 966 templum

376 1001 734 1069 exstruere
786 998 1161 1084 coeperant,
1219 989 1462 1062 diebus
1520 989 1680 1083 Cyri
1742 998 1809 1061 et
1869 989 2054 1059 Darii
2108 989 2541 1060 fundamenta

377 1107 657 1200 quidem
717 1105 990 1177 aedificii
1037 1112 1443 1198 posuerunt,
1500 1104 1623 1176 sed
1684 1103 1767 1174 ab
1828 1103 2168 1187 hostibus,
2232 1113 2539 1196 tempore
2599 1198 2604 1203 ,

382 1221 593 1302 Darii,
633 1218 1026 1291 Artaxerxis
1082 1229 1149 1291 et
1201 1219 1487 1291 aliorum
1523 1240 1765 1314 regum
1801 1220 2189 1301 Persarum,
2232 1219 2542 1311 impediti

383 1348 566 1422 sunt,
636 1358 857 1430 neque
916 1336 1202 1406 facultas
1264 1334 1351 1405 iis
1411 1334 1649 1406 relicta
1703 1334 1830 1406 fuit
1889 1343 1962 1406 ut
2023 1334 2541 1407 aedificationem

376 1453 819 1547 perficerent.
891 1451 1035 1537 Qua
1097 1450 1180 1521 de
1239 1471 1312 1522 re
1371 1450 1494 1521 tibi
1558 1472 1890 1543 exponam
1959 1450 2122 1543 quid
2195 1450 2547 1543 Scriptura

384 1571 681 1642 obscure
750 1567 1124 1661 significet.
1202 1571 1363 1638 Haec
1430 1567 1607 1660 apud
1680 1567 2060 1638 Zachariam
2142 1568 2544 1659 prophetam

384 1687 705 1779 leguntur
766 1679 840 1780 (a)
907 1708 920 1752 :
997 1684 1149 1754 Vidi
1213 1684 1694 1754 candelabrum
1754 1686 1865 1752 eui
1932 1685 2225 1755 lucernae
2291 1694 2544 1773 septem

373 1804 841 1893 superpositae,
894 1810 961 1871 et
1009 1803 1309 1871 lucernis
1355 1803 1647 1890 sinqulis
1694 1799 2033 1891 infusoria
2078 1812 2353 1892 septem,
2413 1802 2544 1873 hoe

386 1929 491 1990 est
547 1915 629 2014 (si
684 1937 1011 2011 summam
1075 1914 1467 2008 subducas),
1534 1914 1979 2009 quadraginta
2042 1936 2309 2000 novem,
2378 1926 2544 2008 quot

377 2035 541 2105 anni
578 2043 840 2126 septem
879 2031 1419 2103 hebdomadibus
1456 2031 1914 2103 continentur.
1955 2033 2169 2103 Porro
2208 2032 2275 2101 in
2311 2032 2545 2103 eadem

382 2150 743 2244 prophetia
796 2149 925 2220 ista
977 2148 1317 2220 adduntur
1352 2143 1425 2244 (3)
1469 2172 1482 2218 :
1525 2151 1659 2219 Hoc
1692 2160 1793 2219 est
1829 2151 2092 2219 Domini
2143 2150 2418 2237 effatum
2463 2150 2545 2220 de

377 2270 776 2339 Zorobabele
802 2293 824 2338 .·
851 2271 992 2341 Non
1028 2271 1102 2337 in
1137 2272 1468 2352 exercitu,
1504 2289 1625 2339 nee
1658 2271 1731 2339 in
1758 2270 2006 2352 robore,
2035 2270 2153 2340 sed
2185 2272 2259 2338 in
2293 2271 2544 2357 spiritu

383 2405 552 2454 meo.
611 2383 826 2454 Antea
877 2392 1098 2454 autem
1151 2382 1409 2454 dictum
1462 2391 1605 2457 erat
1634 2378 1707 2474 (4)
1763 2408 1777 2453 :
1835 2386 2081 2454 Manus
2131 2384 2546 2454 Zorobabelis

385 2498 835 2585 fundamenta
872 2499 1154 2587 hujusce
1189 2499 1423 2567 domus
1451 2508 1827 2586 posuerunt
1852 2509 1926 2567 ‘et
1968 2518 2212 2566 manus
2247 2493 2543 2588 ejusdem

383 2622 535 2683 eam
581 2613 961 2703 perficient.
1021 2614 1262 2683 Totum
1314 2611 1525 2705 igitur
1582 2620 1853 2704 tempus
1917 2634 1954 2682 a
2011 2612 2122 2683 die
2180 2632 2315 2704 quo
2368 2610 2548 2702 jacta

391 2737 550 2798 sunt
583 2726 820 2819 templi
858 2726 1299 2797 fundamenta
1336 2747 1552 2818 usque
1606 2726 1688 2796 ad
1740 2726 2115 2798 absolutam
2154 2724 2547 2797 aedificatio·

388 2863 543 2912 nem
598 2830 1575 2936 quadraginta'novcmannos
1615 2842 2116 2934 complectitur.
2161 2841 2282 2911 Hae
2326 2848 2547 2909 autem

389 2966 654 3050 septem
697 2956 1159 3028 hebdomades
1200 2979 1280 3028 ex
1318 2956 1455 3028 illis
1494 2957 1924 3050 septuaginta
1960 2964 2143 3027 sunt.
2188 2955 2316 3036 En,
2356 2954 2551 3026 vides

389 3073 555 3165 quid
586 3071 931 3165 significet
962 3071 1138 3142 visio
1171 3071 1558 3143 candelabri
1599 3071 1914 3142 instructi
1950 3079 2213 3164 septem
2250 3070 2550 3141 lucernis

391 3190 641 3281 quibus
678 3197 839 3260 sunt
874 3187 1203 3260 infusoria
1242 3208 1482 3258 novem
1521 3196 1589 3258 et
1626 3186 2104 3280 quadraginta;
2156 3187 2315 3257 item
2354 3187 2551 3278 quale

392 3305 482 3374 sit
519 3303 786 3374 Domini
824 3304 908 3373 de
944 3303 1359 3374 Zorobabele
1396 3300 1708 3384 effatum;
1770 3301 1934 3394 quid
1971 3302 2054 3372 de
2093 3300 2228 3371 illis
2265 3302 2555 3393 quadra·

390 3419 580 3512 ginta
633 3438 872 3489 novem
926 3417 1124 3488 annis
1183 3414 1641 3488 sentiendum.
1689 3418 1857 3487 Post
1892 3417 2058 3487 istas
2096 3416 2554 3489 hebdomades

387 3554 578 3625 quae,
654 3541 964 3624 tempore
1034 3530 1515 3614 Zorobabelis,
1589 3532 1658 3600 in
1729 3529 2248 3602 aedificationem
2316 3531 2557 3624 templi
2670 3588 2671 3593 ,

459 3777 531 3841 (ι)
566 3779 698 3828 Dan.
727 3778 812 3838 lx,
839 3775 921 3828 ΞΒ.

460 3860 531 3922 (2)
566 3858 785 3911 zachar.
814 3860 897 3921 1v,
922 3859 972 3910 2.

459 3946 529 4004 (5)
572 3941 729 4003 thid„
756 3955 806 3993 v.
834 3943 885 3993 6.

460 4027 533 4085 (4)
572 4023 730 4086 thid„
757 4036 808 4075 v,
833 4024 886 4074 9.
912 4026 1041 4075 Cum
1088 4027 1267 4075 autern
1310 4030 1585 4076 asseratur
1625 4025 1728 4076 hoc
1760 4021 1977 4075 effatum
2023 4023 2077 4076 in
2116 4035 2268 4076 sacro
2307 4028 2453 4074 textu
2499 4020 2567 4073 iis

393 4122 699 4188 praecedere
740 4096 933 4196 (m
973 4088 1100 4200 φο)
1137 4135 1259 4187 quae
1295 4121 1477 4175 statim
1514 4121 1737 4174 recitata
1781 4129 1930 4183 sunt,
1956 4134 2180 4174 necesse
2216 4126 2299 4174 est
2322 4120 2568 4172 dicamus

389 4204 481 4255 vel
521 4213 795 4257 auctorem
836 4209 1097 4261 memoria
1137 4207 1347 4271 lapsum
1392 4217 1533 4266 esse,
1566 4206 1656 4256 vel
1699 4203 1979 4256 libranum
2015 4205 2276 4258 mendose
2312 4203 2577 4269 posuisse

395 4289 580 4351 Q
627 4307 799 4381 τέ»,
838 4305 1254 4373 legendumque,
1281 4319 1331 4360 v.
1365 4318 1441 4372 g.‚
1479 4292 1686 4352 batt>-
1732 4306 1882 4381 <Aa
1926 4331 1939 4344 .
