3175 5084
1284 462 1733 554 -3‘25-

429 679 621 767 filius
680 676 828 772 ejus
886 678 1312 756 Emmanuel,
1381 678 1453 747 id
1511 686 1636 758 est,
1705 678 1887 749 Deus
1945 686 2172 746 noster
2229 677 2596 747 nobiscum.

434 793 629 879 Quod
694 792 756 864 si
819 790 1196 863 contendas
1261 791 1579 862 Messiam
1648 791 2006 885 hucusque
2070 812 2203 861 non
2276 791 2598 871 venisse,

432 907 831 1001 pertinaciae
869 913 1002 977 tuae
1040 905 1217 975 dabo
1253 912 1320 975 et
1356 905 1487 975 hoc
1526 925 1960 997 responsum.
2009 905 2351 997 Scriptum
2388 913 2495 976 est
2530 901 2604 1003 (1)

429 1033 661 1115 gentes
694 1024 769 1092 in
807 1022 1095 1104 Christo,
1138 1040 1291 1089 cam
1335 1020 1445 1089 hic
1491 1023 1918 1109 apparuerit,
1959 1041 2142 1109 spem
2190 1041 2388 1090 suam
2423 1023 2600 1110 posi-

435 1148 631 1208 turas
690 1155 852 1207 esse.
923 1136 1025 1203 En
1090 1154 1262 1226 ego,
1331 1154 1413 1205 ex
1473 1134 1796 1226 gentibus
1859 1144 2092 1217 ortua,
2159 1134 2384 1205 audivi
2446 1155 2602 1205 eum

433 1250 823 1331 advenisse,
899 1259 966 1320 et
1036 1249 1436 1341 priusquam
1511 1270 1754 1341 reapse
1822 1250 2119 1334 venerit,
2196 1250 2458 1321 credidi
2531 1250 2603 1319 in

436 1367 687 1460 ipsum,
731 1375 932 1459 atque
968 1367 1037 1435 in
1077 1366 1230 1459 ipso
1267 1366 1412 1437 Deo
1447 1366 1725 1438 Israelis
1778 1366 2240 1437 adorationem
2280 1366 2595 1437 exhibeo,
2660 1368 2665 1372 ’

433 1480 782 1574 Numquid
820 1481 963 1563 ille,
1006 1501 1143 1573 quo
1195 1489 1503 1574 tempore
1555 1481 1805 1564 veniet,
1850 1502 1957 1552 me
1993 1481 2477 1573 reprehendet,
2520 1503 2602 1553 eo

436 1597 647 1692 quod,
690 1605 1045 1689 antequam
1099 1596 1433 1689 prodiret,
1481 1597 1546 1665 in
1586 1597 1811 1689 ipsum
1862 1596 2318 1668 crediderim?
2355 1598 2600 1669 Verum

437 1713 782 1787 enimvero
841 1713 1197 1804 prophetae
1250 1730 1387 1783 non
1438 1713 1842 1805 permittunt
1892 1712 2042 1797 tibi,
2101 1712 2472 1805 insipiens,
2531 1722 2605 1783 ut

435 1849 705 1900 asseras
742 1827 1061 1898 Messiam
1100 1828 1400 1898 nondum
1436 1828 1864 1919 apparuisse.
1900 1827 2226 1921 Coarguit
2261 1836 2328 1898 te
2364 1828 2603 1899 Daniel

438 1942 677 2014 dicens
714 1938 788 2038 (a)
840 1966 854 2010 :
912 1944 1071 2012 Post
1125 1943 1563 2014 hebdomades
1624 1946 1990 2036 samaqinta
2051 1944 2225 2014 duas
2290 1944 2603 2013 Christus

436 2053 654 2131 veniet
687 2072 753 2129 et
803 2060 1166 2130 occidetur.
1210 2061 1361 2148 Ipso
1413 2059 1836 2139 adveniente,
1897 2061 2142 2131 civitas
2174 2071 2418 2132 sancta
2453 2061 2602 2130 des-

438 2184 732 2256 truetur,
771 2176 1150 2245 vastatione
1192 2173 1399 2262 finem
1451 2177 1760 2264 accipiet,
1801 2185 1867 2246 et
1901 2175 2107 2247 donec
2141 2176 2607 2264 compleantur

436 2312 588 2381 quae
640 2289 989 2380 praefinita
1050 2300 1250 2371 sant,
1314 2292 1390 2358 in
1446 2292 1770 2361 vastitate
1829 2292 2148 2365 manebit.
2228 2291 2325 2360 Tu
2399 2290 2608 2382 igitur

440 2425 679 2497 speras
728 2403 1159 2496 confidisque
1209 2403 1355 2474 fore
1406 2414 1503 2484 ut,
1549 2404 1825 2476 Christo
1874 2405 2217 2486 veniente,
2259 2404 2472 2475 Israel
2523 2425 2607 2473 ex

386 2521 391 2528 ’
439 2522 757 2594 omnibus
810 2521 984 2592 locis
1038 2530 1527 2614 congregetur.
1585 2520 2060 2614 Hierosolyma
2111 2520 2490 2592 aedificetur
2540 2529 2608 2592 et

440 2648 785 2732 exsurgat.
815 2637 1069 2707 -Daniel
1120 2657 1284 2709 vero
1333 2637 1561 2718 docet,
1620 2658 1827 2729 quum
1879 2637 2170 2708 Messias
2222 2636 2489 2707 venerit
2537 2646 2606 2707 et

439 2753 714 2831 occisus
762 2752 993 2834 fuerit,
1051 2751 1595 2846 Hierosolymam
1650 2761 1980 2824 vastatum
2034 2753 2147 2835 iri,
2203 2773 2486 2844 eamque
2537 2752 2606 2820 in

437 2869 752 2941 vastitate
824 2888 1210 2938 mansuram
1279 2867 1501 2938 donec
1571 2867 1983 2959 impleantur
2049 2888 2201 2960 quae
2268 2865 2606 2958 praefinita

336 3056 340 3063 ,
441 2993 623 3055 sunt.
670 3012 705 3047 »
747 3023 840 3033 ——-
875 2981 1026 3052 Alia
1065 2980 1226 3053 dein
1280 2982 1634 3074 subjungit
1683 2982 1968 3074 Sapiens
2018 2983 2228 3053 Persa
2279 2981 2364 3050 de
2411 2982 2605 3052 dolo·
2718 2971 2723 2977 ’

439 3098 658 3182 ribuS,
691 3096 1086 3189 opprobriis
1122 3117 1200 3167 ac
1239 3106 1456 3169 morte
1487 3096 1769 3177 Christi,
1811 3097 1894 3167 ab
1931 3096 2108 3168 lsaia
2142 3096 2400 3188 passim
2431 3116 2607 3188 prae-

438 3213 680 3295 dictis;
724 3233 878 3306 quae
913 3211 1073 3284 alibi
1112 3207 1183 3308 (3)
1223 3214 1928 3284 commemoravimus.

537 3330 774 3399 Finem
812 3327 1108 3419 denique
1161 3327 1247 3397 de
1300 3327 1425 3398 hac
1461 3348 1534 3398 re
1569 3328 1846 3398 dicendi
1882 3327 2275 3409 fecerimus,
2313 3327 2373 3396 si
2409 3327 2610 3396 allata

442 3444 691 3516 fuerint
750 3464 904 3536 quae
965 3443 1034 3511 in
1097 3443 1396 3531 Epistola
1455 3443 1611 3512 XIX
1668 3442 1752 3514 de
1815 3443 2247 3535 septuaginta
2314 3442 2606 3514 visionis

443 3558 806 3630 Danielicae
864 3556 1404 3629 hebdomadibus
1454 3556 1679 3629 fusius
1734 3558 2063 3629 habentur
2100 3560 2200 3653 (4).
2249 3560 2413 3645 Quae
2451 3560 2609 3628 talia

441 3680 602 3747 sunt
641 3698 656 3743 ε
704 3702 740 3736 «
774 3672 952 3742 Audi
989 3672 1191 3742 etiam
1219 3692 1372 3763 quae
1394 3667 1526 3741 tibi
1561 3671 1935 3744 traditurus
1974 3695 2124 3744 sum
2162 3674 2248 3744 de
2282 3672 2608 3765 precibus

442 3809 611 3879 quas
665 3786 902 3857 Daniel
941 3806 1170 3858 coram
1224 3787 1366 3857 Deo
1405 3785 1606 3870 fudit,
1649 3788 1934 3879 quando.
1980 3810 2105 3881 pro
2163 3788 2610 3881 popularibus

507 4017 579 4079 (ι)
611 4002 802 4070 cenes.
831 4016 1005 4075 xux,
1034 4017 1113 4067 ιο.

509 4097 582 4161 (2)
618 4099 748 4148 nan.
780 4097 976 4158 1x‚26‚
1002 4097 1085 4148 27.
1145 4159 1157 4173 ,

510 4183 587 4245 (5)
621 4182 775 4247 sup„
801 4193 927 4248 pag.
957 4181 1075 4232 250.

511 4282 584 4345 (4)
620 4279 868 4348 Wright„
895 4294 950 4346 p.
986 4283 1132 4351 1¹¹²*
1176 4305 1190 4318 ·
