3175 5084
1434 491 1886 556 ...244-

627 680 771 752 ’fDe
829 678 1036 752 modo
1081 696 1233 771 quo
1288 678 1473 751 Deus
1535 677 1605 748 in
1668 698 1896 751 rerum
1944 676 2391 751 universitate
2444 678 2740 751 creanda

569 814 729 867 sese
760 792 1089 890 gesserit,
1131 793 1519 886 praesertim
1567 814 1732 867 vero
1775 794 1861 866 de
1904 794 2045 881 fine
2076 797 2190 865 cai
2223 796 2629 867 secundario
2668 795 2736 864 in

566 911 771 1007 quem
821 934 999 1005 opus
1048 932 1248 984 suum
1304 912 1662 996 direxerit,
1705 913 1856 985 haec
1901 912 2293 984 exscribere
2321 912 2538 1004 juvat,
2581 912 2735 1005 qui·

568 1027 698 1112 hus
733 1027 1031 1120 explicat
1063 1036 1304 1105 auctor
1336 1048 1463 1099 cur
1498 1048 1741 1100 omnes
1788 1027 2102 1099 homines
2139 1028 2282 1099 sint
2316 1036 2386 1100 et
2422 1026 2739 1098 dicantur

567 1142 692 1214 filii
742 1142 868 1214 Dei
902 1138 979 1239 (ι)
1020 1166 1035 1212 :
1083 1170 1120 1206 «
1155 1142 1381 1227 Nosti,
1432 1142 1861 1226 charissime,
1908 1152 2254 1214 creaturas
2309 1163 2552 1215 omnes
2598 1162 2735 1213 coe-

565 1258 778 1331 lestes
832 1265 903 1329 et
951 1265 1321 1329 terrestres
1372 1258 1568 1350 prius
1620 1257 1992 1350 productas
2029 1278 2211 1345 esse,
2263 1266 2330 1329 et
2380 1265 2734 1350 postremo

499 1403 512 1418 ·
564 1375 720 1446 loco
781 1372 1155 1446 hominem.
1228 1372 1397 1445 Cum
1467 1373 1647 1446 enim
1713 1374 1952 1445 statuit-
2019 1375 2202 1445 Deus
2274 1374 2597 1447 mundum
2669 1384 2737 1446 et

562 1488 792 1562 omnia
839 1487 989 1579 eius
1039 1496 1438 1560 ornamenta
1488 1510 1767 1573 creare,
1835 1489 2132 1581 primum
2193 1490 2262 1560 in
2314 1490 2736 1584 cogitatione

565 1602 688 1679 sua
756 1604 1082 1698 concepit
1149 1605 1547 1700 effinxitque
1615 1605 2004 1689 hominem;
2075 1616 2243 1691 tum,
2321 1607 2596 1679 homine
2668 1608 2737 1677 in

564 1719 989 1814 cogitatione
1025 1740 1150 1791 sua
1185 1730 1554 1814 concepte,
1589 1721 1921 1818 concepit
1948 1731 2016 1793 et
2043 1730 2329 1793 caeteras
2365 1730 2737 1808 creaturas,

560 1835 836 1907 dicente
886 1834 1245 1928 Scriptura
1278 1833 1358 1930 (a)
1420 1860 1434 1905 ε
1490 1839 1874 1926 Antequam
1915 1848 2174 1908 montes
2225 1840 2739 1927 conciperentur

560 1962 627 2023 ct
677 1962 864 2023 terra
915 1949 1257 2045 fmqifcra
1310 1965 1507 2023 esset.
1575 1950 1876 2023 Adamus
1931 1952 2113 2023 enim
2163 1952 2382 2045 quoad
2440 1973 2734 2045 concep-

561 2067 820 2139 tionem
857 2066 1093 2139 senior
1124 2065 1458 2159 priorque
1497 2075 1605 2138 est
1640 2067 1797 2138 aliis
1834 2068 2197 2149 creaturis,
2240 2090 2395 2161 quae
2430 2068 2738 2140 vicissim

563 2193 722 2256 ante
757 2183 949 2255 illum
987 2184 1058 2255 in
1098 2184 1320 2256 lucem
1358 2183 1562 2256 editae
1600 2193 1785 2256 sunt.
1833 2184 2223 2279 Conceptus
2260 2195 2405 2257 erat
2438 2185 2738 2257 Adamus

564 2309 768 2393 atque
803 2299 874 2369 in
910 2299 1339 2393 cogitatione
1375 2298 1607 2372 divina
1643 2300 2015 2383 existebat;
2071 2300 2233 2372 dum
2270 2309 2492 2373 autem
2538 2303 2607 2372 in
2661 2323 2740 2373 ea

567 2416 1082 2500 contineretur,
1137 2415 1349 2488 verbo
1399 2416 1544 2489 oris
1598 2417 1706 2488 sui
1757 2417 2085 2509 produxit
2137 2418 2320 2489 Deus
2382 2418 2739 2491 universas

567 2541 941 2617 creaturas,
1000 2531 1396 2625 mundoque
1457 2521 1769 2626 perfecto
1828 2541 2033 2627 atque
2094 2543 2449 2624 exornato,
2509 2534 2603 2605 ita
2665 2543 2740 2605 ut

567 2649 742 2731 nihil
777 2646 840 2719 ei
878 2646 1179 2731 deesset,
1221 2646 1552 2719 Adamum
1588 2670 1672 2719 ex
1709 2647 1861 2720 idea
1897 2670 2022 2720 sua
2057 2649 2333 2742 genuit3
2394 2649 2738 2722 hominem

569 2765 883 2846 manibus
931 2763 1081 2842 suis
1127 2764 1466 2847 formavit,
1525 2765 1677 2857 ejus
1731 2766 1954 2837 oculis
2005 2764 2332 2837 mundum
2386 2766 2740 2838 conditum

526 2880 1066 2968 ‚obtulit,‚eum
1125 2879 1445 2951 omnibus
1506 2879 1839 2972 operibus
1895 2881 2042 2951 suis
2104 2881 2441 2972 praefecit.
2503 2882 2575 2952 Si
2637 2882 2744 2953 vir

565 2998 818 3094 aliquis
852 2997 1093 3069 habeat
1145 2996 1386 3081 filium,
1428 2997 1540 3069 cui
1591 2997 1868 3090 nuptias
1919 3018 2158 3089 parare
2212 2998 2401 3081 velit,
2443 2999 2740 3090 puellam

573 3115 635 3189 ei
679 3115 1085 3207 desponsat,
1135 3112 1412 3184 domum
1465 3112 1602 3204 ipsi
1657 3112 1976 3194 aedificat,
2034 3112 2262 3185 omnia
2313 3112 2623 3205 disponit
2673 3123 2744 3185 et

572 3232 883 3314 adornat,
938 3241 1094 3323 quae
1129 3228 1367 3321 juveni
1418 3230 1810 3301 necessaria
1861 3239 2059 3312 sunt;
2129 3229 2290 3299 dein
2351 3229 2741 3301 convivium

569 3347 883 3441 'nuptiale
941 3346 1274 3428 celebrat,
1349 3345 1706 3438 filiumque
1777 3344 2010 3417 domui
2081 3343 2397 3436 praeficit.
2476 3342 2740 3416 Eodem

563 3462 802 3538 medo.
849 3462 1033 3537 Deus
1084 3459 1491 3545 hominem,
1569 3482 1772 3553 quem
1847 3467 2302 3553 conceperat,
2380 3461 2449 3545 in
2518 3461 2741 3532 lucem

554 3578 817 3671 edidit,
860 3597 1150 3670 eumque
1185 3575 1530 3649 universis
1565 3576 1948 3669 praeposuit
1979 3575 2338 3659 creaturis,
2385 3574 2471 3646 de
2502 3597 2634 3668 qua
2670 3597 2743 3646 re

577 3692 751 3778 dixit
782 3692 1117 3785 propheta
1142 3688 1215 3787 (a)
1259 3715 1273 3762 ε
1319 3693 1624 3774 Domine,
1665 3691 2136 3761 habitaculum
2168 3689 2373 3782 fuisti
2406 3691 2592 3771 nobis
2624 3711 2746 3779 per

561 3963 576 4052 ,θ
599 4050 613 4062 ,
646 4006 721 4069 (1)
754 4002 1006 4072 Wright„
1031 4016 1086 4070 p.
1123 3987 1278 4050 aa
1311 4012 1488 4072 seqq„

646 4088 720 4152 (2)
754 4087 848 4141 Ρε.
879 4087 1133 4149 LXXXIX,
1157 4087 1209 4138 Ξ.

649 4171 720 4231 (5)
756 4169 850 4222 Ps.
888 4170 1140 4237 LXXXlx,
1180 4169 1203 4219 1
1245 4164 1373 4218 012.
1404 4190 1459 4203 -
1489 4163 1796 4219 Notandum
1834 4170 2013 4218 autem
2057 4162 2250 4218 versic.
2287 4163 2357 4227 2,
2383 4162 2560 4230 qualis
2601 4164 2746 4231 apud

561 4253 900 4332 'aphraatem
928 4265 1122 4342 legitur
1148 4263 1170 4318 ε’
1199 4252 1351 4350 0930
1391 4297 1405 4314 .
1441 4254 1555 4326 hil
1596 4254 1840 4317 3:2⁴⁴
1878 4253 2029 4348 89:³0
2062 4298 2078 4316 .
2125 4255 2247 4325 230⁴
2307 4266 2585 4341 χοᾶ-μω
2629 4251 2747 4347 1155
