3175 5084
1296 440 1745 506 ...365-

431 650 699 711 corum,
740 649 895 723 quae
933 627 1001 698 in
1040 644 1361 721 suprema
1396 627 1729 701 Ecclesiae
1782 628 2162 700 infallibilis
2199 629 2604 702 auctoritate

430 742 782 828 consistit,
818 741 1074 836 optime
1111 741 1354 814 unitati
1391 741 1553 815 fidei
1588 744 2037 836 prospicitur,
2073 744 2165 816 ite
2197 764 2277 816 ex
2309 744 2606 816 diversis

432 857 968 930 Protestantium
1022 856 1284 938 normis
1339 857 1618 929 nonnisi
1669 856 2153 952 discrepantiae
2209 860 2277 928 in
2345 860 2478 928 fide
2538 868 2606 932 et

431 986 770 1050 sectarum
821 976 1237 1050 variationes
1290 977 1459 1049 oriri
1511 988 1833 1069 possunt.
1877 979 2117 1068 Neque
2157 976 2313 1044 huie
2369 976 2606 1044 enssin*

431 1092 611 1164 sioni
664 1092 956 1164 vitandae
1011 1092 1382 1186 quidquam
1438 1092 1741 1164 consulit
1793 1092 2177 1184 eneegitete
2225 1112 2257 1160 a
2297 1088 2606 1160 Pseudo*

430 1208 817 1280 reformatis
869 1208 1226 1282 distinctio
1291 1208 1472 1280 inter
1531 1212 1861 1280 anien-tee-
1917 1204 2474 1300 fundamentales
2538 1216 2602 1276 et

429 1343 562 1394 non
597 1321 1169 1416 fundamentales,

1381 1519 1640 1585 XXXII.

529 1719 723 1791 Licet
772 1719 1099 1791 revelatio
1147 1719 1532 1792 Christiana
1577 1720 1845 1790 censeri
1897 1720 2141 1792 debeat
2185 1720 2277 1788 ita
2321 1720 2482 1792 inde
2518 1720 2602 1792 ab

432 1832 921 1927 Apostolorum
975 1843 1286 1927 tempore
1338 1814 1705 1926 completa,
1761 1844 1833 1908 nt
1889 1836 2109 1928 ipsine
2161 1836 2602 1928 amplifieatie

432 1949 756 2037 obJectiva
792 1949 978 2021 nulla
1013 1947 1343 2042 deinceps
1379 1949 1587 2020 fuerit
1633 1960 1745 2020 aut
1793 1952 1857 2020 in
1909 1952 2217 2020 Eeeleeie
2269 1952 2600 2020 militante

379 2122 386 2126 .
432 2063 658 2162 futura
693 2064 812 2147 sit,
854 2063 1272 2136 admittenda
1324 2072 1548 2136 tamen
1588 2076 1693 2136 est
1733 2064 2037 2156 ejusdem
2077 2064 2602 2156 perfeetibilitae

427 2182 800 2270 subjectiva
837 2190 904 2253 et
938 2181 1270 2253 formalis,
1387 2230 1390 2232 -

1366 2442 1653 2505 XXXIII.

421 2704 429 2710 .
529 2644 937 2716 Hominibus
991 2642 1371 2717 voluntarie
1425 2652 1615 2716 extra
1669 2644 2046 2716 Eeeleeiam
2101 2644 2598 2716 decedentibus

430 2759 614 2830 nulla
647 2761 845 2830 datur
881 2758 1089 2831 salus.

1379 2957 1660 3022 XXXIV.

528 3154 721 3226 Fidei
757 3153 1150 3248 depositum
1184 3155 1397 3229 verbo
1439 3156 1562 3228 Dei
1602 3156 1865 3252 scripte
1905 3168 1969 3228 et
2009 3156 2257 3228 tradite
2297 3160 2602 3228 contine*

430 3277 564 3356 tur,
625 3291 751 3343 nec
804 3280 1102 3364 possunt
1163 3273 1639 3346 Protestantes
1697 3275 2109 3344 enthelieum
2165 3276 2293 3344 hee
2349 3276 2602 3368 dogma

433 3404 757 3478 respuere
804 3387 969 3479 quin
1017 3387 1085 3457 in
1138 3388 1565 3461 manifestam
1614 3388 1917 3460 incidant
1953 3388 2594 3460 eentradIetienem.

1395 3648 1644 3713 XXXV.

529 3846 935 3920 Versionem
972 3848 1327 3940 Vulgatam
1379 3845 1515 3918 non
1558 3869 1641 3920 eo
1689 3872 1893 3920 sensu
1949 3852 2317 3924 deelaravit
2357 3852 2602 3924 Cenei-

435 3961 599 4033 lium
638 3961 1111 4034 Tridentinum
1167 3964 1649 4048 authenticam,
1689 3976 1765 4036 nt
1801 3968 2225 4060 significaret
2265 3992 2405 4040 ean]
2450 3992 2602 4040 esee

435 4076 861 4168 inspiratam,
905 4086 1018 4150 aut
1054 4079 1314 4151 nullum
1349 4081 1461 4152 vel
1488 4080 1913 4152 levissimum
1957 4084 2275 4152 mendum
2317 4084 2381 4152 in
2422 4084 2602 4152 illam

436 4191 845 4299 irrepsisse,
922 4194 1272 4288 multoque
1334 4194 1560 4266 minus
1633 4204 1705 4265 ut
1777 4196 2077 4268 eamdem
2153 4196 2602 4292 originalibus
