3175 5084
1275 505 1684 571 ...39-

387 694 533 765 suis
570 691 646 790 (1)
689 720 703 767 z
750 697 1001 766 Horam
1036 696 1229 766 illam
1273 696 1463 767 nemo
1516 697 1727 779 novit,
1789 714 1999 784 neque
2044 695 2288 777 Filius,
2347 714 2561 784 neque

387 813 617 902 anqeli
651 813 880 902 quiin
916 813 1075 882 coelo
1107 822 1297 883 aunt.
1354 809 1679 898 Quamvis
1722 809 1904 881 enim
1950 808 2035 880 de
2090 809 2325 902 seipso
2372 830 2555 881 oeco-

388 927 657 1000 nomice
673 936 876 1020 atque
907 927 1281 1020 improprie
1313 926 1588 1010 dixerit,
1617 947 1774 998 sese
1803 926 2120 1019 ignorare
2140 948 2293 1018 quae
2314 947 2558 1019 reapse

356 1051 694 1131 noverat,
739 1042 825 1113 de
861 1041 1253 1113 hominibus
1283 1050 1507 1113 tamen
1538 1048 1608 1112 et
1633 1041 1925 1133 angelis,
1958 1049 2033 1112 ut
2061 1040 2224 1111 mihi
2256 1041 2554 1128 videtur,

389 1179 523 1229 non
564 1157 968 1251 improprie,
1013 1157 1135 1230 sed
1173 1179 1332 1230 vere
1370 1164 1438 1229 et
1464 1155 1745 1250 proprie
1775 1157 2046 1228 locutus
2076 1165 2234 1228 est.fr
2261 1156 2560 1229 Proinde

389 1273 643 1371 solutio
683 1273 868 1345 illius
905 1273 1123 1357 dubii,
1168 1315 1261 1325 —-
1301 1282 1527 1343 utrum
1565 1280 1727 1365 post
1765 1294 1911 1357 scX,
1955 1295 2036 1343 an
2083 1280 2243 1366 post
2296 1281 2559 1364 septem

387 1409 720 1462 annorum
790 1388 1027 1473 millia,
1104 1411 1183 1460 an
1258 1397 1420 1481 post
1481 1396 1753 1480 tempus
1814 1387 1993 1458 aliud
2069 1389 2562 1480 qualecumque

390 1505 621 1575 mundi
661 1504 860 1596 hujus
898 1504 1056 1576 finis
1093 1504 1364 1576 futurus
1404 1503 1523 1586 sit,
1567 1544 1659 1556 —
1702 1502 1925 1574 Patris
1954 1503 2172 1574 solius
2210 1512 2341 1587 est,
2384 1512 2459 1575 ut
2495 1512 2562 1575 et

389 1620 538 1712 ipse
602 1620 818 1692 Filius
886 1620 1266 1703 affirmavit,
1339 1619 1543 1691 simul
1616 1627 1835 1689 tamen
1904 1617 2083 1703 Filii,
2146 1618 2341 1710 cujus
2405 1627 2566 1690 sunt

388 1736 616 1807 omnia
652 1758 805 1830 quae
856 1737 1058 1809 habet
1103 1737 1305 1808 Pater
1341 1736 1517 1827 ejus,
1561 1744 1630 1808 et
1667 1734 1967 1828 Spiritus
2006 1734 2263 1818 Sancti,
2307 1735 2448 1826 qui,
2490 1745 2563 1804 ut

389 1852 619 1924 verbis
664 1850 979 1946 Apostoli
1027 1861 1203 1936 utar,
1257 1857 1486 1925 omnia
1546 1861 1927 1934 scrutatur,
1971 1853 2179 1922 etiam
2216 1851 2564 1940 profunda

387 1969 511 2038 Dei
548 1964 646 2064 (a).

489 2084 575 2153 Et
645 2082 972 2154 hactenus
1043 2083 1321 2176 quidem
1397 2084 1483 2157 de
1555 2083 1870 2156 doctrina
1941 2080 2307 2174 scriptoris
2378 2082 2564 2155 illius

388 2201 649 2284 Persae,
710 2209 869 2293 post
919 2222 1039 2273 sex
1100 2222 1433 2272 annorum
1495 2200 1706 2271 millia
1755 2199 1901 2272 sore
1963 2207 2037 2270 ut
2098 2198 2390 2270 mundus
2452 2198 2564 2269 hic

272 2328 282 2338 ‘
388 2314 783 2386 destruatur
837 2325 1040 2408 atque
1102 2317 1400 2401 deficiat,
1458 2315 1543 2388 de
1589 2338 1722 2408 qua
1767 2315 2081 2387 doctrina
2131 2313 2564 2385 Fraternitati

387 2425 524 2502 tuae
563 2431 895 2504 dubitatio
933 2441 1080 2504 orta
1118 2440 1283 2504 erat.
2412 2491 2416 2495 .

493 2548 713 2637 Caput
747 2550 1051 2619 tertium.
1096 2591 1188 2601 —-
1232 2548 1330 2619 De
1368 2546 1680 2618 doctrina
1713 2567 1913 2639 quam
1952 2543 2150 2616 etiam
2202 2545 2567 2636 proposuit

391 2661 573 2731 idem
610 2670 848 2734 auctor
885 2665 1120 2746 Persa,
1168 2664 1621 2735 morientibus
1663 2682 1909 2754 nempe
1957 2660 2374 2742 hominibus,
2421 2660 2561 2753 spi-

390 2776 597 2847 ritum
659 2777 1037 2864 animalem,
1096 2799 1302 2850 sensu
1366 2776 1796 2860 destitutum,
1858 2775 2082 2846 medio
2141 2775 2208 2844 in
2273 2796 2564 2868 corpore

389 2891 698 2983 sepeliri.

492 3009 706 3081 Venio
762 3030 942 3081 nunc
993 3008 1080 3079 ad
1130 3008 1297 3080 illud
1356 3007 1539 3080 aliud
1592 3015 1955 3090 assertum,
2016 3027 2053 3076 a
2115 3004 2563 3077 Fraternitate

391 3135 504 3219 tua
550 3133 1178 3207 commemoratum,
1241 3123 1450 3218 quod,
1510 3124 1579 3193 in
1638 3122 2125 3193 masei-tatione
2178 3120 2260 3191 de
2304 3122 2392 3190 iis
2444 3122 2564 3211 qui

388 3243 740 3331 religionis
790 3244 961 3313 votis
1011 3263 1155 3312 sese
1206 3244 1635 3332 obstringunt
1688 3238 1788 3336 (a),
1832 3234 1947 3310 'his
1996 3237 2225 3309 verbis
2278 3238 2563 3330 protulit

389 3365 631 3426 auctor
680 3358 889 3427 Persa
956 3381 968 3427 :
1032 3385 1066 3421 «
1104 3346 1327 3427 Prima
1379 3357 1562 3428 enim
1613 3354 1961 3426 nativitate
2018 3352 2390 3424 n'ascuntur
2440 3353 2561 3423 ho-

390 3475 615 3546 mines
676 3475 945 3567 praediti
1010 3475 1256 3568 spiritu
1315 3473 1615 3558 animali,
1659 3473 1775 3567 qui
1833 3470 2235 3542 immortalis
2289 3477 2420 3553 est,
2464 3469 2563 3538 di·

392 3599 589 3673 cente
622 3592 1014 3684 Scriptura:
1051 3596 1297 3664 Factus
1323 3602 1426 3663 est
1452 3594 1643 3662 homo
1669 3594 1742 3661 in
1769 3593 2072 3661 animam
2099 3590 2428 3657 viventem
2457 3581 2557 3682 (4).

390 3706 756 3778 Nativitate
792 3716 1014 3779 autem
1050 3709 1260 3779 altera
1296 3729 1421 3800 per
1457 3706 1907 3799 Baptismum,
1951 3703 2297 3797 accipiunt
2347 3701 2564 3795 Spiri-

392 3831 536 3890 tum
588 3822 935 3906 Sanctum‚
988 3822 1104 3915 qui
1157 3831 1224 3893 et
1280 3823 1432 3915 ipse
1487 3821 1891 3892 immortalis
1936 3829 2065 3891 est.
2111 3816 2565 3890 Morientibus

394 4098 567 4167 buo
605 4085 773 4176 '⁴²53
821 4094 888 4147 de
927 4095 1081 4160 cujus
1127 4091 1387 4161 pressiori
1429 4106 1594 4147 sensu
1639 4094 1814 4147 recole
1854 4106 1975 4159 quae
2016 4105 2179 4160 supra
2222 4092 2364 4147 dicta
2410 4097 2562 4152 sunt,

400 4213 452 4263 p.
485 4201 563 4262 12,
589 4201 718 4251 n.1.

463 4283 534 4342 (4)
571 4280 700 4333 Gen.
734 4281 799 4341 ΙΙ,
827 4282 875 4330 7.
