3175 5084
1232 489 1643 554 -17-

351 671 596 764 aliqui,
638 692 720 743 an
759 670 826 741 in
867 670 1001 742 alio
1055 670 1410 765 regionum
1450 669 2074 764 circumjacentium
2111 670 2290 760 loco,
2334 672 2521 748 nullo

350 786 565 858 modo
594 786 797 858 nobis
837 786 1185 859 revelavit.

458 903 659 989 Quod
734 910 957 975 autem
1032 902 1316 996 scripsit
1384 903 1804 977 Fraternitas
1873 912 1989 976 tua
2067 926 2106 976 a
2172 905 2522 978 nonnullis

350 1019 604 1103 asseri,
641 1059 738 1073 -
763 1019 1177 1114 discipulum
1207 1019 1384 1092 beati
1421 1020 1565 1091 Mar
1598 1018 1940 1113 Ephraemi
1975 1039 2129 1091 eum
2164 1018 2522 1104 fuisse,—

349 1135 598 1208 falsum
657 1145 789 1209 est.
829 1137 1069 1231 Neque
1121 1137 1299 1209 enim
1354 1135 1664 1209 doctrina
1717 1136 1862 1229 ejus
1917 1134 2250 1209 doctrinae
2301 1137 2521 1209 sancti

348 1251 497 1321 Mar
534 1251 875 1344 Ephraemi
913 1252 1277 1345 imaginem
1314 1251 1549 1336 refert,
1594 1272 1817 1345 neque
1854 1251 2219 1324 diversitas
2255 1258 2519 1347 tempo-

350 1386 504 1436 rum
567 1366 819 1459 quibus
871 1366 1250 1439 docuerunt
1309 1367 1508 1440 ambo
1567 1366 1770 1439 nobis
1834 1366 2167 1460 permittit
2226 1376 2302 1439 ut
2352 1366 2520 1439 illud

352 1481 692 1554 dicamus,
742 1483 912 1554 Nam
954 1483 1071 1577 qui
1124 1491 1404 1556 vocatur
1456 1484 1745 1578 Sapiens
1783 1486 1994 1556 Persa
2049 1483 2523 1557 innotescebat

348 1604 676 1692 tanquam
739 1600 981 1672 doctor
1037 1621 1214 1673 anno
1277 1601 1669 1674 Graecorum
1735 1597 1905 1686 648,
1964 1600 2265 1694 itemque
2323 1600 2520 1673 annis

351 1714 750 1786 eorumdem
796 1712 936 1785 655
973 1723 1043 1786 et
1078 1713 1247 1802 656,
1280 1715 1473 1807 juxta
1508 1716 1783 1791 modum
1821 1736 2038 1788 annos
2081 1714 2519 1808 computandi

351 1837 424 1909 et
458 1829 942 1900 denominandi
979 1830 1062 1901 ab
1094 1830 1479 1903 Alexandro
1514 1828 1615 1925 (ι).
1662 1831 1927 1901 Etenim
1965 1830 2035 1900 in
2064 1830 2363 1920 Epistola
2411 1829 2521 1901 cui

347 1944 626 2014 titulum
661 1943 911 2015 indidit
949 1969 967 2018 ς
1011 1948 1413 2017 Dissertatio
1448 1947 1531 2018 de
1563 1954 1778 2016 morte
1811 1955 1877 2016 et
1912 1946 2319 2037 temporibus
2350 1945 2516 2015 ulti·

347 2061 509 2142 mis,
553 2059 701 2130 haec
735 2060 944 2131 tradit
985 2085 1000 2131 ε
1048 2089 1084 2125 ι(
1118 2063 1464 2133 Sermones
1500 2061 1631 2132 hos
1668 2058 1762 2128 22
1801 2059 2159 2152 composui
2194 2059 2386 2150 juxta
2423 2055 2516 2128 22

350 2172 733 2244 litterarum
792 2174 1130 2246 ordinem.
1188 2176 1439 2247 Decem
1500 2173 1772 2267 priores
1836 2172 2089 2265 scripsi
2147 2193 2325 2244 anno
2378 2168 2521 2242 648

351 2286 552 2379 regni
586 2284 981 2373 Alexandri,
1024 2288 1142 2362 filii
1196 2288 1495 2383 Philippi
1542 2286 1967 2372 Macedonis,
2008 2295 2214 2381 prout
2261 2286 2328 2357 in
2385 2286 2521 2359 fine

352 2422 594 2473 eorum
632 2411 931 2474 notatum
969 2411 1104 2486 est;
1146 2410 1214 2474 at
1246 2402 1370 2475 hos
1427 2400 1537 2495 12,
1573 2402 1999 2496 posteriores
2034 2400 2289 2494 scripsi
2342 2422 2519 2472 anno

350 2514 497 2587 655
559 2517 759 2611 regni
814 2517 1204 2609 Graecorum
1257 2525 1327 2589 et
1378 2518 1865 2601 Romanorum,
1927 2516 2060 2588 hoc
2120 2522 2256 2600 est,
2322 2515 2520 2607 regni

347 2633 756 2719 Alexandri;
810 2656 986 2707 anno
1029 2643 1254 2707 autem
1300 2633 1392 2706 35
1441 2634 1723 2730 Saporis
1773 2631 1876 2731 (2),
1917 2631 2107 2728 regis
2155 2632 2441 2705 Persiae.
2484 2661 2519 2697 »

348 2752 696 2822 Praeterea
754 2750 823 2821 in
874 2754 1174 2842 Epistola
1233 2772 1432 2845 quam
1500 2750 1859 2843 inscripsit
1917 2775 1931 2820 ε
1990 2751 2392 2821 Dissertatio
2442 2750 2525 2821 de

347 2869 572 2951 acino,
631 2867 724 2939 ita
772 2867 1074 2961 loquitur
1129 2892 1144 2938 :
1195 2896 1231 2932 «
1267 2866 1663 2939 Scribebam
1723 2866 1850 2938 tibi
1900 2864 2073 2936 hanc
2121 2865 2519 2954 Epi-stolam,

348 2981 570 3053 amice
598 2982 717 3066 mi,
751 3002 985 3055 mense
1010 2981 1114 3055 Ab
1144 2980 1501 3077 (Augusto)
1533 2980 1693 3053 anni
1723 2977 1864 3051 656
1898 2978 2097 3073 regni
2123 2976 2516 3062 Alexandri,

353 3265 368 3282 .
433 3220 1063 3302 „vespam-&2
1116 3220 1495 3295 lam-§32
1544 3216 1680 3280 ...ἲ
1737 3266 1751 3282 .
1809 3220 2148 3295 1-—300320
2196 3217 2525 3294 1-2-22-02

349 3353 407 3405 q.
428 3338 510 3398 d.‚
529 3349 645 3390 oera
664 3335 996 3399 Graecorum,
1021 3334 1179 3401 reqni
1204 3334 1521 3389 Graeeorum
1538 3339 1588 3387 et
1613 3333 2004 3397 Romanorum,
2022 3331 2178 3398 requi
2197 3330 2521 3384 Alexandri.

349 3422 665 3476 Cavendum
690 3428 871 3474 autem
894 3433 965 3480 ne
988 3426 1282 3487 postremae
1298 3420 1421 3474 duae
1445 3419 1838 3486 appellationes
1863 3429 2146 3487 perperam
2166 3416 2520 3482 accipiantur.

349 3507 536 3571 Neque
582 3502 752 3568 enim,
793 3509 854 3556 ut
889 3501 1089 3569 aliquis
1130 3501 1314 3557 forsan
1358 3514 1424 3555 ex
1466 3502 1598 3553 illis>
1619 3501 1799 3570 colligi
1845 3512 2009 3567 posse
2043 3504 2281 3566 putaret,
2307 3498 2523 3551 initium

354 3586 506 3641 ducit
528 3600 637 3641 aera
661 3586 918 3653 praedicta
936 3598 966 3638 a
982 3585 1156 3652 prima
1181 3585 1396 3653 origine
1415 3584 1809 3640 dominationis
1821 3585 2130 3638 Graecorum
2145 3581 2202 3634 in
2217 3580 2425 3649 Syriam
2441 3581 2525 3635 vel

349 3687 421 3739 ab
436 3685 663 3740 exordio
689 3685 841 3753 regni
865 3684 1151 3738 Alexandri
1175 3684 1374 3752 Magni,
1402 3685 1498 3737 sed
1517 3697 1547 3736 a
1570 3696 1760 3737 mense
1782 3684 2001 3738 Octobri
2037 3659 2238 3767 (hoff-0
2265 3657 2525 3768 (ιζ-Διὶ)

349 3769 479 3821 anni
507 3773 636 3820 ante
658 3767 928 3820 Christum
953 3767 1080 3829 5¹23
1110 3766 1234 3833 quia
1260 3768 1362 3820 hoc
1386 3780 1552 3829 anno,
1579 3766 1673 3833 qui
1698 3766 2052 3822 duodecimus
2070 3773 2156 3821 est
2172 3775 2297 3834 post
2313 3768 2522 3820 obitum

349 3851 641 3905 Alexandri
681 3851 857 3921 magni
893 3855 947 3904 et
987 3850 1196 3918 periodi
1239 3851 1469 3904 Julianae
1509 3853 1671 3913 uos,
1723 3852 2017 3906 inchoante
2059 3850 2369 3919 olympiade
2406 3852 2522 3914 117,

350 3931 659 4000 computari
682 3940 919 4000 coeptum
939 3939 1024 3987 est
1045 3933 1254 3987 Seleuci
1281 3933 1547 3987 Nicatoris
1562 3946 1809 4000 regnum.
1829 3933 1907 3988 Cf.
1926 3933 2123 3989 petavii
2142 3933 2526 3988 stationarium

350 4021 679 4080 temporum,
702 4022 847 4082 part.
875 4017 942 4078 11,
972 4015 1066 4070 lib.
1092 4019 1145 4079 5,
1173 4028 1291 4082 cap.
1321 4018 1403 4070 15.

418 4099 493 4160 (2)
527 4099 762 4163 sapores
787 4098 857 4161 11,
883 4095 1040 4150 initio
1064 4096 1193 4150 anni
1219 4098 1318 4150 3¹0
1343 4097 1399 4149 in
1426 4097 1601 4151 lucem
1647 4098 1848 4162 editus,
1872 4100 1982 4166 jam
2016 4098 2145 4154 inde
2167 4111 2198 4152 a
2222 4097 2525 4166 nativitate,

352 4178 467 4231 imo
506 4184 801 4244 antequam
840 4185 1158 4233 nasceretur
1207 4191 1303 4232 rex
1340 4178 1516 4233 ruerat
1555 4181 1793 4248 agnitus
1835 4182 1987 4235 Unde
2026 4182 2421 4249 computando,
2466 4186 2526 4235 ut

356 4257 471 4311 fieri
508 4259 670 4323 solet,
695 4270 725 4312 a
759 4259 1002 4314 calendis
1033 4260 1299 4326 januariis
1331 4261 1805 4327 antecedentibus,
1846 4274 2025 4316 annus
2063 4265 2165 4316 655
2197 4255 2529 4327 Graecorum,

2321 4345 2365 4410 2
