3175 5084
1393 407 1976 522 '-274,..

659 644 990 734 scriptum
1020 639 1253 738 [wat
1290 668 1311 715 .·
1348 642 1632 717 Nullum
1679 643 1934 715 ossium
1966 643 2118 733 ejus
2166 643 2685 714 comminuetur.
2727 682 2823 695 -

661 755 816 832 Alia
846 765 955 831 est
988 755 1313 852 imposita
1347 758 1456 830 lex
1480 754 1585 855 (ι),
1616 778 1704 831 ne
1735 778 1977 831 servm
2007 758 2384 850 emptitius,
2421 758 2828 849 priusquam

662 892 935 946 carnem
964 875 1287 965 proeputii
1316 875 1432 945 sui
1465 875 1856 957 resecuerit,
1887 874 2150 964 pascha
2184 872 2486 945 comedat
2520 898 2543 945 .·
2581 892 2827 945 servus

662 998 886 1066 autem
920 988 1275 1083 emptitius
1309 997 1418 1062 est
1469 989 1675 1063 homo
1724 989 2031 1084 peccatis
2076 989 2380 1076 dedituS,
2421 988 2567 1084 qui,
2604 987 2823 1083 poeni·

662 1103 944 1176 tentiam
986 1123 1228 1198 agens,
1288 1102 1545 1177 Christi
1600 1104 1937 1198 sanguine
1989 1104 2375 1189 redimitur,
2433 1111 2504 1176 et
2553 1104 2824 1176 demum

663 1229 1032 1315 postquam
1064 1241 1104 1293 a
1136 1219 1348 1294 corde
1398 1242 1528 1295 suo
1577 1243 1790 1318 opera
1838 1223 2013 1322 mala
2064 1220 2386 1306 abscidit,
2426 1219 2509 1292 ad
2555 1219 2824 1313 Baptis-

666 1356 875 1421 mum,
930 1356 1167 1410 verum
1217 1335 1773 1412 circumcisionis
1824 1337 2426 1434 complementum,
2483 1336 2824 1431 pervenit,

663 1451 907 1545 sicque
971 1451 1234 1546 populo
1312 1452 1434 1525 Dei
1519 1453 1918 1550 adjungitur
1984 1464 2054 1527 et
2118 1453 2468 1548 particeps
2535 1450 2832 1525 efficitur

662 1570 982 1665 corporis
1016 1580 1220 1668 atque
1255 1570 1618 1667 sanguinis
1654 1570 1936 1644 Christi.
1973 1610 2070 1622 —-
2105 1568 2283 1641 Illud
2333 1589 2606 1663 quoque
2640 1567 2828 1662 quod

663 1694 1081 1780 praeceptum
1130 1696 1241 1761 est
1290 1681 1366 1784 (2)
1422 1710 1440 1757 ε
1501 1686 1869 1759 comedetis
1911 1683 2338 1780 festinantes,
2396 1682 2465 1753 in
2516 1669 2829 1755 Ecclesia

664 1801 787 1873 Dei
847 1802 1279 1890 observatur,
1345 1802 1463 1875 ubi
1524 1802 1768 1875 fideles
1826 1822 1982 1875 cum
2040 1801 2289 1874 timore
2357 1807 2429 1871 et
2493 1808 2821 1883 tremore,
2910 1864 2915 1870 .

662 1915 1069 1992 festinantes
1103 1928 1174 1993 et
1208 1927 1471 1992 stantes
1522 1938 1782 2012 agnum,
1827 1916 2263 2001 manducant,
2298 1914 2619 2010 quoniam
2662 1937 2827 2009 pro-

663 2040 905 2125 perant
936 2033 1142 2107 vitam
1175 2033 1448 2108 haurire
1499 2054 1582 2106 ex
1631 2032 1998 2127 largitione
2049 2030 2347 2126 Spiritus
2392 2050 2596 2125 quem
2630 2050 2828 2102 acce-

664 2153 937 2237 perunt.
1013 2148 1137 2221 Illa
1195 2147 1376 2222 enim
1438 2147 1790 2243 paschatis
1860 2157 2098 2234 nocte,
2170 2146 2443 2241 quando
2512 2144 2831 2218 liberatio

663 2258 842 2353 ipsis
876 2262 1193 2357 contigit,
1229 2263 1562 2335 Israelitae
1617 2263 1686 2333 in
1739 2260 1967 2335 medio
2022 2261 2191 2332 mari
2237 2259 2557 2354 baptizati
2603 2261 2824 2345 fuere,

662 2382 734 2447 et
767 2375 1077 2462 Salvator
1126 2386 1390 2464 noster,
1448 2387 1653 2452 nocte
1700 2377 2075 2472 paschatis,
2133 2376 2299 2449 lavit
2346 2374 2563 2469 pedes
2614 2376 2829 2449 disci-

658 2493 1003 2585 pulorum,
1054 2494 1479 2588 Baptismum
1532 2494 1824 2589 mystice
1874 2493 2404 2587 significans...
2456 2494 2830 2588 Postquam

661 2614 912 2694 autem,
961 2608 1258 2703 pedibus
1311 2631 1548 2683 eorum
1601 2610 1883 2696 ablutiS,
1925 2609 2265 2693 recubuit,
2319 2629 2574 2704 corpus
2625 2632 2828 2683 suum

663 2733 733 2795 et
765 2723 1173 2817 sanguinem
1209 2724 1403 2798 dedit
1427 2725 1565 2799 eis.
1616 2753 1654 2791 »

757 2839 1254 2914 Eucharistiam
1307 2862 1441 2936 qua
1492 2840 1907 2915 sacrificium
1962 2851 2096 2925 est,
2151 2840 2551 2936 expressius
2606 2841 2829 2937 respi-

657 2974 818 3028 cere
851 2954 1126 3030 videtur
1155 2957 1451 3051 Sapiens
1487 2958 1701 3030 Persa
1736 2956 1881 3041 ubi,
1934 2957 2004 3028 in
2040 2958 2343 3048 Epistola
2374 2958 2551 3043 XVI,
2592 2968 2830 3031 osten-

657 3069 832 3142 dens
865 3071 1083 3144 veteri
1116 3072 1519 3145 oeconomiae
1556 3091 1799 3145 novam
1829 3071 2268 3146 substitutam
2296 3095 2456 3146 esse
2487 3082 2555 3146 et
2581 3080 2830 3168 gentes

658 3185 992 3260 inlocum
1044 3186 1283 3283 populi
1331 3187 1604 3262 Judaici
1657 3188 2008 3273 suffectas,
2050 3188 2467 3283 principium
2521 3188 2704 3262 istud
2760 3198 2832 3263 et

658 3299 730 3370 in
767 3300 1127 3375 sacrificiis
1161 3323 1396 3375 verum
1448 3304 1881 3398 comprobari
1938 3303 2043 3376 sic
2076 3303 2357 3398 exponit
2391 3298 2467 3399 (3)
2508 3327 2525 3375 ε
2571 3332 2607 3370 «
2643 3305 2830 3376 Prae·

659 3413 834 3487 dixit
897 3416 1099 3489 etiam
1171 3417 1505 3512 propheta
1575 3427 1824 3513 gentes
1891 3419 2045 3492 loco
2114 3418 2350 3512 populi
2421 3415 2830 3517 (Israelitici)

662 3527 1009 3608 oblaturas
1054 3532 1418 3606 sacrificia.
1480 3532 1647 3606 Haec
1696 3534 1878 3606 enim
1932 3540 2094 3606 sunt
2147 3533 2371 3627 ipsius
2420 3533 2629 3607 verba
2678 3529 2755 3629 (4)
2804 3558 2823 3605 ε

726 3745 803 3808 (1)
838 3742 1010 3798 zema.
1037 3742 1149 3809 xn,
1176 3746 1261 3799 u.

726 3824 802 3888 (2)
838 3824 1001 3893 und„
1025 3825 1243 3892 xum.

726 3925 802 3989 (5)
835 3923 1088 3994 Wrigbt„
1108 3938 1163 3992 p.
1201 3934 1376 4010 ιθ*
1412 3938 1551 3996 sem:
1592 3926 1758 4007 χυσις
1803 3908 2005 3988 bafia>
2046 3915 2207 3977 Χ-ὲ.
2248 3916 2402 3991 μω
2456 3917 2566 3997 fixi
2625 3931 2828 3981 meze

668 4050 1021 4117 asna-052
1088 4042 1393 4142 iffi-³⁶¹
1463 4088 1480 4105 .
1563 4045 1930 4117 hah-25·-
2012 4048 2240 4118 heila-n
2326 4062 2562 4127 *epm
2639 4063 2824 4145 ,xoeos-1

729 4285 804 4349 (4)
841 4284 1064 4340 ualach.
1094 4287 1134 4350 Ι,
1162 4289 1244 4341 ss.
