3175 5084
1224 501 1637 566 ...29-

346 689 655 782 regnavit
704 710 855 759 cum
911 688 1121 759 fratre
1173 709 1299 759 suo
1334 688 1806 760 Valentiniano
1855 710 2071 760 annos
2108 686 2201 757 13
2237 686 2339 781 (ι),
2375 687 2506 758 hoc

344 813 565 876 autem
608 812 902 888 mortuo,
945 824 1070 895 per
1104 802 1497 874 triennium.
1546 831 1583 867 n

442 919 777 1004 Quoniam
814 917 1026 1009 igitur
1059 928 1326 1008 tempus
1362 939 1693 988 annorum
1729 915 1821 988 50
1876 918 2270 989 intercessit
2304 939 2341 988 a
2377 938 2505 1008 pu-

345 1036 521 1106 blica
554 1033 1032 1126 propositione
1085 1033 1417 1104 doetrinae
1453 1033 1754 1104 auctoris
1791 1033 1976 1103 illius
2015 1034 2244 1104 Persae
2287 1053 2507 1124 usque

342 1152 422 1222 ad
459 1149 993 1244 divulgationem
1031 1148 1365 1220 doctrinae
1392 1149 1570 1220 beati
1602 1150 1745 1220 Mar
1769 1148 2140 1240 Ephraemi‚
2161 1149 2508 1241 quomodo

344 1272 584 1357 posset
610 1264 858 1356 aliquis
879 1284 1218 1346 asserere,
1246 1264 1654 1354 scriptorem
1682 1264 1956 1334 Persam
1987 1265 2129 1333 Mar
2165 1264 2507 1353 Ephraemi

343 1380 759 1471 discipulum
828 1378 1098 1449 fuisse?
1166 1379 1405 1470 Neque
1467 1377 1649 1448 enim
1722 1379 1924 1448 ullam
1991 1378 2134 1449 veri
2205 1377 2508 1468 speciem

344 1492 680 1586 ejusmodi
716 1499 1053 1563 assertum
1088 1492 1315 1574 habet,
1362 1493 1541 1562 sicut
1578 1500 1647 1562 et
1686 1512 1963 1563 examen
2001 1514 2037 1562 a
2071 1493 2272 1563 nobis
2302 1513 2510 1582 supra

344 1609 729 1680 institutum
763 1606 1093 1679 ostendit.
1121 1606 1442 1692 Quamvis
1471 1627 1634 1677 vero
1664 1606 1887 1698 quoad
1918 1615 2177 1697 partem
2213 1607 2509 1698 aliquam

344 1726 574 1796 forsan
636 1722 1082 1794 convenerint
1142 1730 1451 1813 tempora
1526 1721 1778 1813 quibus
1847 1722 2162 1794 vixerunt
2231 1729 2509 1793 sanctus

346 1841 489 1910 Mar
523 1839 928 1929 Ephraemus
965 1844 1033 1907 et
1069 1845 1306 1907 auctor
1357 1837 1472 1907 ille
1521 1837 1759 1920 Persa,
1803 1838 1908 1907 vel
1954 1837 2154 1907 etiam
2204 1845 2511 1927 tempora

347 1954 597 2046 quibus
641 1952 840 2022 ambo
890 1960 958 2021 et
1011 1951 1324 2022 vixerunt
1378 1959 1446 2022 et
1493 1951 1897 2032 docuerunt,
1947 1959 2134 2021 certe
2177 1971 2331 2020 cum
2371 1951 2512 2020 Mar

328 2069 751 2160 *Ephraemus
787 2065 1241 2146 adolesceret,
1287 2065 1587 2155 scriptor
1625 2066 1833 2136 Persa
1862 2065 2001 2155 jam
2036 2079 2378 2141 senuerat.

448 2184 533 2252 Et
558 2183 705 2251 haec
743 2179 1018 2272 quidem
1058 2200 1270 2271 pauca
1308 2179 1393 2251 de
1421 2200 1504 2250 eo
1533 2181 1650 2272 qui
1680 2189 1960 2251 vocatur
1988 2182 2273 2272 Sapiens
2304 2183 2513 2252 Persa

348 2299 530 2369 dicta
568 2297 708 2367 sint
752 2320 766 2365 z
812 2295 961 2386 ejus
1001 2294 1268 2365 scilicet
1303 2316 1338 2364 a
1376 2294 1576 2365 nobis
1620 2295 1923 2387 ignorari
1972 2316 2244 2383 nomen,
2283 2295 2510 2389 digni-

348 2424 554 2485 tatem
591 2422 658 2484 et
696 2411 1029 2482 domicilii
1067 2413 1327 2493 locum;
1367 2411 1777 2482 coenobitam
1829 2420 2052 2483 tamen
2099 2434 2251 2482 eum
2298 2413 2512 2484 fuisse

348 2538 416 2600 et
484 2529 555 2598 in
624 2529 812 2599 clero
883 2526 1357 2609 constitutum,
1436 2526 1822 2598 nullatenus
1889 2547 2052 2598 vero
2124 2526 2301 2597 beati
2371 2527 2514 2597 Mar

290 2673 323 2683 ·
350 2641 693 2735 Ephraemi
730 2639 1170 2730 discipulum.

450 2759 671 2846 Caput
711 2754 1112 2825 secundum.
1157 2794 1251 2803 —
1289 2753 1388 2823 De
1458 2752 1769 2823 doctrina
1813 2753 2179 2844 Sapientis
2251 2755 2507 2839 Persae,

350 2874 499 2944 fore
555 2879 655 2954 ut,
708 2869 1069 2961 completis
1118 2888 1236 2939 sex
1290 2888 1621 2938 annorum
1669 2867 1997 2951 millibuS,
2057 2869 2350 2939 mundus
2402 2869 2514 2939 hic

352 2984 552 3057 finem
594 2986 907 3077 accipiat.
1326 3080 1331 3085 ὁ

451 3102 652 3187 Quod
676 3109 898 3172 autem
927 3100 1168 3171 attinet
1194 3100 1275 3169 ad
1301 3099 1683 3170 doctrinam
1712 3101 2010 3172 auctoris
2039 3099 2223 3170 illius
2252 3101 2508 3184 Persae,

353 3240 553 3310 quam
618 3216 1647 3289 commemoravitFraternitas
1699 3225 1837 3301 tua,
1898 3217 2195 3288 futurum
2250 3218 2519 3290 scilicet

352 3341 451 3415 ut,
517 3333 775 3424 elapsis
843 3352 965 3402 sex
1025 3352 1355 3402 annorum
1417 3331 1747 3415 millibuS‚
1789 3333 2082 3403 mundus
2146 3333 2258 3403 hic
2311 3332 2514 3404 finem

352 3448 663 3539 accipiat,
706 3447 885 3518 scias
923 3448 1103 3527 volo,
1140 3446 1340 3516 etiam
1380 3448 1610 3517 multis
1648 3448 1801 3518 aliis
1832 3449 2101 3520 Messiae
2132 3449 2513 3529 cultoribus

357 3584 433 3632 ex
479 3563 566 3634 iis
621 3562 741 3654 qui
792 3569 951 3653 post
998 3562 1199 3651 hujus
1254 3562 1614 3633 adventum
1662 3563 2001 3645 vixerunt,
2056 3563 2236 3633 illam
2302 3563 2516 3635 fuisse

358 3677 774 3767 opinionem,
818 3688 890 3749 ut
926 3697 1161 3747 eorum
1212 3674 1470 3767 scripta
1520 3679 1913 3750 ostendunt.
1961 3680 2261 3765 Quorum
2300 3680 2513 3771 pluri-

362 3792 484 3862 mis
520 3792 827 3873 omissiS,
872 3811 1083 3882 pauca
1121 3791 1577 3882 producamus
1615 3793 1698 3863 ad
1746 3813 1980 3863 eorum
2023 3816 2177 3886 quae
2222 3794 2514 3865 dicimus

362 3905 960 3977 confirmationem.

367 4176 530 4227 ponas
555 4163 842 4228 Georgium
865 4162 990 4225 sihi,
1035 4163 1222 4228 paucis
1264 4163 1560 4229 interjectis
1601 4164 1868 4227 versibus,
1904 4164 2383 4225 contradicentem,
2422 4163 2515 4228 qui

367 4260 523 4310 supra
550 4244 781 4298 asseruit
804 4245 1076 4298 Valentem
1103 4259 1276 4299 annos
1305 4248 1387 4307 14,
1411 4258 1519 4298 non
1546 4251 1725 4297 autem
1760 4247 1834 4307 16,
1863 4257 2116 4313 regnasse
