3175 5084
1458 445 1901 512 ...1oe-

604 634 742 705 lum
768 633 1073 729 gerimus
1099 633 1428 707 adversus
1457 633 1722 707 hostem
1752 642 2086 721 nostrum,
2108 636 2240 709 hoc
2265 637 2422 732 ipso
2446 636 2751 711 vicissim

605 755 844 821 contra
900 770 1030 822 nos
1087 758 1468 845 pugnante,
1528 758 1601 822 ut
1651 769 1781 823 nos
1831 750 1917 822 ad
1971 750 2158 823 illud·
2199 752 2469 825 vivendi
2532 775 2755 848 genus

606 863 788 959 quod
864 863 1294 938 deseruimus
1361 864 1666 939 reducat.
1746 864 2032 955 Quidam
2110 874 2334 940 autem
2403 889 2484 941 ex
2553 868 2754 942 nobis

606 980 970 1053 vincuntur
1017 980 1620 1079 vulneranturque,
1676 989 1769 1066 et,
1821 982 2129 1078 quamvis
2182 1004 2454 1057 reorum
2505 985 2756 1058 delicta

608 1095 963 1169 manifesta
1021 1095 1184 1185 siut,
1242 1096 1400 1192 ipsi,
1439 1117 1596 1171 sese
1637 1098 1868 1192 justos
1920 1099 2284 1194 fingentes,
2325 1100 2393 1171 in
2448 1101 2578 1173 hoc
2630 1122 2757 1173 suo

606 1212 899 1286 consilio
984 1224 1424 1307 perseverant
1505 1236 1633 1288 nec
1721 1215 2133 1311 resipiscere
2214 1216 2447 1290 volunt
2493 1242 2511 1302 ;
2596 1217 2759 1292 hinc

609 1335 893 1423 propter
940 1328 1272 1423 pudorem
1320 1326 1397 1427 (ι)
1453 1352 1654 1403 suum
1705 1331 2077 1403 secundam
2129 1330 2386 1405 obeunt
2438 1340 2751 1418 mortem,

490 1470 497 1477 ·
610 1464 831 1539 neque
866 1444 1050 1516 illius
1085 1445 1528 1519 recordantur
1561 1445 1680 1543 qui
1716 1454 2060 1519 scrutatur
2094 1446 2579 1521 conscientias.
2622 1444 2759 1520 Alii

510 1648 517 1667 x
609 1579 771 1631 vero
831 1567 1184 1654 peccatum
1243 1560 1679 1648 confitentur,
1753 1562 1875 1636 sed
1946 1561 2029 1634 ad
2088 1562 2557 1657 poenitentiam
2620 1585 2757 1636 non

609 1673 1055 1747 admittuntur
1095 1731 1341 1748 ........
1396 1705 1432 1741 »

709 1792 784 1862 In
820 1792 951 1864 hoc
985 1792 1164 1877 loco,
1207 1792 1391 1865 viros
1428 1793 1612 1877 illos,
1655 1794 1772 1889 qui
1808 1815 1965 1880 sese
1999 1794 2142 1866 Deo
2195 1814 2320 1888 per
2371 1802 2761 1887 susceptam

611 1907 813 1978 vitam
852 1908 1290 1981 monasticam
1319 1909 1792 1995 devinxerunt,
1827 1909 2104 1982 eosdem
2136 1929 2319 1994 esse,
2353 1930 2436 1981 ex
2459 1904 2763 1984 auctoris

612 2029 860 2102 mente,
894 2042 1047 2094 cum
1076 2022 1163 2095 iis
1190 2024 1315 2118 qui
1353 2024 1508 2096 dein
1547 2044 1854 2119 pugnare
1887 2033 1956 2097 et
1990 2022 2373 2119 impugnari
2409 2023 2756 2112 dicuntur,

611 2157 1036 2232 quorumque
1097 2139 1402 2211 nonnulli
1464 2139 1716 2212 cadunt
1776 2138 2105 2234 pedemve
2174 2139 2504 2226 referunt,
2572 2148 2764 2214 certo

611 2250 868 2325 certius
903 2259 1008 2324 est
1049 2277 1065 2324 :
1109 2254 1168 2326 si
1221 2254 1401 2327 enim
1454 2263 1691 2328 contra
1741 2253 2014 2327 obvium
2066 2255 2453 2328 verborum
2483 2276 2764 2329 sensum

611 2352 1111 2461 poneres‚'non
1149 2370 1342 2465 ipsos
1378 2369 1536 2444 illos
1568 2379 1834 2443 ascetas
1885 2369 1969 2442 ab
2021 2369 2488 2443 infensissimo
2540 2372 2766 2444 omnis

614 2485 774 2557 boni
811 2487 1006 2560 hoste
1043 2488 1289 2560 lacessi
1345 2498 1414 2560 et
1463 2488 1543 2560 ad
1600 2487 2061 2560 desertionem
2098 2489 2205 2561 sui
2253 2497 2471 2561 status
2507 2488 2767 2561 sollici-

612 2602 766 2686 tari,
800 2601 936 2694 jam
974 2623 1111 2674 non
1139 2603 1547 2697 intelligitur
1597 2604 1869 2697 quinam
1924 2605 2236 2677 homines
2289 2605 2394 2676 vel
2440 2625 2639 2698 quam
2675 2604 2768 2676 ob

612 2718 899 2791 causam
938 2720 1187 2793 bellum
1240 2731 1504 2816 gerant,
1548 2720 1872 2815 quidnam
1918 2721 2203 2815 insuper
2237 2721 2371 2794 sibi
2407 2721 2616 2801 velint
2652 2721 2771 2793 illa

617 2837 1095 2908 nonnullorum
1132 2838 1363 2909 clades
1392 2837 1850 2931 vulneraque3
1892 2837 2156 2932 paucis,
2185 2835 2515 2909 orationis
2552 2858 2767 2911 nexus

616 2951 997 3024 nullatenus
1034 2951 1167 3024 sibi
1203 2962 1493 3026 constat.
1541 2953 1660 3024 Sin
1698 2960 1920 3025 autem
1976 2954 2067 3024 ita
2117 2959 2377 3029 textum
2430 2954 2769 3046 interpre-

617 3066 786 3140 teris
835 3076 909 3138 ut
952 3067 1290 3152 monachi,
1350 3088 1486 3139 non
1543 3067 1656 3140 alii
1711 3068 2159 3162 quicumque.³
2219 3075 2289 3140 et
2334 3067 2568 3163 impeti
2618 3089 2770 3162 per-

502 3176 505 3179 ’
618 3181 1001 3266 hibeantur,
1045 3192 1114 3255 et
1146 3183 1471 3277 impetum
1513 3182 1703 3254 vario
1754 3204 2083 3257 successu
2136 3183 2503 3267 sustinere,
2547 3182 2774 3256 omnia

619 3298 981 3392 perspicua
1043 3297 1252 3388 fiunt,
1315 3295 1609 3393 apteque
1676 3300 2045 3372 cohaerent.
2115 3299 2331 3373 Porro
2393 3298 2772 3414 Aphraates

617 3420 850 3507 aperte
909 3413 1254 3508 significat
1306 3414 1380 3485 in
1442 3435 1677 3499 eorum
1738 3413 1888 3487 acie
1957 3436 2033 3487 se
2101 3413 2544 3509 versari-qui
2610 3413 2770 3486 belli

618 3549 820 3601 casus
872 3530 1169 3602 subeunt
1218 3540 1285 3602 et
1335 3529 1641 3624 pericula
1681 3555 1696 3600 :
1743 3558 1779 3595 «
1825 3530 2085 3602 Bellum
2136 3531 2459 3621 qen‘mue,
2522 3529 2765 3623 inquit,

619 3645 967 3735 adversus,
1021 3646 1286 3719 hostem
1354 3658 1703 3732 nostrum,
1776 3648 1908 3720 hoc
1976 3647 2284 3727 vicissim,
2353 3655 2591 3720 contra
2653 3667 2773 3720 nos

622 3771 991 3856 pugnante,
1027 3772 1102 3836 ut
1128 3783 1255 3842 noe,
1284 3762 1562 3838 ad'illud
1594 3763 2113 3862 vivendiggenus
2139 3762 2324 3858 quod
2349 3763 2775 3837 deseruimus

686 3997 762 4057 (¹)
794 3957 1020 4058 Ιὲὲσῖθ
1053 4010 1282 4059 nomen,
1331 4009 1359 4050 a
1407 3994 1587 4049 radice
1623 3967 1800 4064 ὡ,
1847 3991 2099 4056 erubuit,
2146 3991 2478 4057 derivatum,
2519 3998 2674 4046 notat
2719 4000 2777 4048 et

622 4081 900 4147 pudorem,
927 4087 982 4136 et
1004 4080 1229 4150 pudoris
1254 4091 1473 4135 causam
1496 4091 1592 4133 seu
1617 4079 1930 4144 foeditatem.
1957 4079 2191 4145 Uterque
2211 4089 2409 4131 sensus
2440 4075 2530 4130 hic
2562 4076 2775 4131 admitti

523 4224 526 4229 Δ
622 4175 787 4231 posse
808 4163 1039 4231 videtur.
1082 4167 1272 4220 sermo
1310 4161 1543 4232 proinde
1577 4168 1664 4218 est
1700 4161 1785 4218 vel
1817 4160 1887 4217 de
1918 4167 2133 4227 peccam
2156 4160 2340 4229 aliquo
2362 4158 2777 4224 monachorum,

622 4245 708 4300 vel
751 4247 820 4300 de
864 4247 1058 4302 rubore
1103 4259 1214 4314 quo
1251 4249 1562 4314 peccatores
1602 4243 1973 4313 impediuntur
2011 4252 2082 4300 ne
2126 4243 2341 4314 culpam
2378 4248 2677 4312 agnoscant
2719 4248 2777 4298 et

620 4328 959 4398 poeniteutiae
979 4329 1190 4385 actibus
1207 4341 1330 4386 eam
1354 4327 1676 4397 expiandam
1699 4333 1916 4384 curent.
