3175 5084
1450 506 1901 575 ...253-

610 695 748 771 Sed
782 717 996 792 quare
1044 716 1234 770 mors
1284 695 1371 769 ab
1415 693 1678 769 Adamo
1733 716 1950 790 usque
1984 693 2069 767 ad
2108 694 2392 790 Moysen
2443 690 2774 772 invaluit?
2880 793 2887 799 Δ

609 854 706 869 -
756 815 1183 909 Imposuerat
1251 813 1436 887 Deus
1504 819 1926 906 praeceptum
1993 808 2284 896 Adamo,
2357 832 2512 924 eum
2581 810 2776 881 hisce

608 929 839 1005 verbis
874 929 1255 1003 admonens
1280 928 1361 1026 (1)
1394 955 1410 1001 ε
1446 931 1571 1003 Die
1603 950 1742 1022 qua
1775 930 2141 1003 comederis
2167 950 2256 1001 ex
2281 931 2521 1001 arbore
2551 930 2773 999 scien-

606 1048 721 1118 tioe
753 1048 907 1119 boni
938 1057 1006 1119 et
1038 1048 1234 1129 mali,
1275 1057 1488 1118 morte
1529 1045 1868 1118 morieris
1911 1043 2212 1117 Adamas
2244 1064 2412 1117 vero
2462 1041 2771 1136 probibi-

605 1161 865 1235 tionem
898 1161 1074 1234 hanc
1109 1160 1415 1257 neglexit
1448 1171 1517 1235 et
1551 1183 1636 1236 ex
1670 1162 1917 1235 arbore
1950 1160 2276 1233 comedit.
2312 1160 2503 1232 Tunc
2538 1166 2774 1252 potes-

605 1285 812 1350 tatem
872 1275 1241 1371 acquisivit
1295 1297 1484 1350 mors
1545 1276 1613 1348 in
1677 1298 1833 1349 eum
1891 1283 1959 1349 et
2020 1274 2088 1347 in
2151 1295 2394 1348 omnes
2452 1282 2776 1369 posteros

609 1391 800 1485 ejus:
842 1392 913 1463 in
948 1389 1110 1465 illos
1146 1392 1348 1465 etiam
1386 1392 1503 1486 qui
1541 1413 1679 1465 non
1726 1401 2182 1486 peccaverunt
2215 1387 2522 1489 (peccato
2572 1389 2777 1461 nimi·
2846 1485 2871 1498 θ

607 1528 759 1578 rum
795 1507 1195 1601 personali),
1237 1528 1453 1590 mom,
1494 1514 1783 1600 propter
1833 1501 2073 1578 Adami
2109 1505 2770 1601 transgressionem,

610 1621 952 1694 dominata
1008 1631 1140 1695 est.
1209 1621 1348 1696 Cur
1404 1631 1631 1696 autem
1680 1621 1980 1696 asseruit
2043 1623 2292 1696 Paulus
2348 1631 2634 1695 mortem
2686 1622 2772 1695 ab

607 1734 866 1809 Adamo
918 1757 1140 1831 usque
1186 1737 1271 1808 ad
1317 1737 1602 1832 Moysen
1653 1737 2098 1831 regnavisse?
2151 1779 2243 1790 —
2298 1737 2428 1825 Qui
2484 1737 2771 1810 scientia

610 1859 796 1924 caret
838 1850 1000 1925 inde
1049 1850 1382 1946 colligere
1425 1860 1672 1945 posset
1719 1861 2008 1926 mortem
2054 1852 2330 1925 nonnisi
2382 1853 2466 1926 ab
2513 1851 2774 1926 Adamo

611 1986 833 2059 usque
890 1965 973 2038 ad
1035 1966 1317 2062 Moysen
1379 1966 1793 2040 dominatam
1856 1987 2036 2041 esse.
2087 1968 2335 2040 Verum
2397 1988 2481 2041 ex
2541 1968 2774 2040 verbis

610 2082 954 2176 Apostoli,
997 2083 1317 2156 testantis
1360 2073 1508 2156 eam
1558 2083 1630 2155 in
1677 2083 1991 2155 homines
2045 2083 2416 2156 universos·
2463 2094 2775 2179 pertran-

613 2199 848 2285 siisse,
914 2199 1256 2302 intelligat
1315 2209 1532 2274 totum
1595 2222 1818 2297 genus
1875 2201 2241 2273 humanum
2302 2224 2342 2273 a
2405 2202 2641 2298 Moyse
2693 2197 2778 2274 ad

612 2315 816 2388 finem
854 2337 1076 2411 usque
1103 2316 1338 2389 mundi
1366 2316 1588 2389 eidem
1627 2316 2007 2409 subjacere.
2051 2347 2087 2382 >2
2121 2317 2291 2405 Quia
2318 2318 2531 2412 igitur
2557 2338 2773 2404 mors,

602 2431 796 2523 juxta
828 2430 1266 2524 Aphraatem,
1309 2432 1681 2527 unicuique
1732 2442 2042 2505 nostrum
2089 2432 2276 2524 justa
2334 2433 2507 2506 labis
2563 2434 2776 2529 origi-

613 2546 787 2617 nalis
847 2566 1049 2640 poena
1108 2555 1241 2632 est,
1302 2546 1453 2640 ejus
1506 2548 1904 2620 memoriam
1968 2549 2400 2621 commendat
2457 2557 2777 2643 tanquam

611 2659 909 2734 medium
946 2683 1082 2756 quo
1117 2685 1157 2735 a
1189 2664 1497 2756 peccatis
1533 2664 2019 2756 personalibus
2073 2663 2513 2737 admittendis
2551 2665 2778 2738 deter-

612 2797 882 2849 reamur
917 2773 992 2874 (2)
1023 2801 1040 2849 ε
1076 2806 1114 2843 «
1146 2777 1286 2850 Vos
1322 2778 1553 2873 itaque
1589 2799 1854 2861 omneS,
1886 2780 2243 2866 exclamat,
2276 2802 2317 2852 o
2348 2780 2469 2851 filii
2506 2779 2774 2865 Adami‚

612 2891 866 2986 quibus
917 2913 1106 2965 mors
1157 2891 1573 2977 dominatur,
1625 2882 1876 2965 mortis
1930 2903 2153 2966 estote
2207 2917 2573 2981 memoreS‚
2624 2897 2782 2968 vitae

610 3007 1091 3095 recordamini,
1154 3017 1222 3081 et
1271 3016 1436 3081 tunc
1493 3011 1717 3104 legem
1766 3028 1905 3079 non
1957 3012 2562 3104 transgrediemini
2600 3013 2782 3086 sicut

613 3124 730 3196 ille
763 3132 1221 3220 protoparens
1258 3127 1519 3198 vester!
1569 3155 1606 3191 >2

711 3239 1058 3311 Christum
1106 3239 1471 3311 Dominum
1520 3243 1923 3336 sanguinem
1967 3242 2364 3337 profudisse
2399 3251 2475 3316 ut
2511 3244 2597 3317 iis
2640 3266 2780 3317 me·

612 3354 892 3427 deretur
918 3354 1115 3427 malis
1145 3376 1299 3448 quae
1328 3377 1410 3427 cx
1437 3353 1679 3428 Adami
1709 3358 2175 3430 inobedientia
2202 3366 2425 3431 ortum
2456 3359 2777 3440 habuere,

557 3545 560 3550 Α
612 3469 1016 3552 ostendunt,
1059 3477 1311 3562 praeter
1346 3491 1424 3541 ea
1460 3493 1615 3564 quae
1652 3493 1860 3564 supra
1904 3471 2379 3565 produximus,
2420 3472 2552 3545 alia
2585 3473 2785 3546 testi-

615 3585 842 3657 monia
893 3606 1072 3679 pene
1133 3585 1513 3659 innumera.
1581 3590 1678 3660 Ex
1726 3589 1978 3683 quibus
2040 3609 2256 3684 pauca
2314 3590 2785 3662 tantummodo

614 3700 725 3772 hic
793 3702 1439 3776 commemoravisse
1510 3705 1680 3777 satis
1741 3704 1901 3778 erit.
1961 3706 2255 3779 Verbum
2328 3707 2778 3791 incarnatum,

614 3834 678 3886 e.
728 3837 833 3909 g.,
889 3815 1304 3908 praedicatur
1341 3847 1378 3882 «
1417 3816 1812 3894 vivificator
1863 3820 2123 3905 mundi,
2176 3830 2514 3915 quatenus
2567 3822 2786 3895 aufert

612 3931 853 4004 Adami
892 3933 1411 4008 maledictiones
1448 3932 1548 4035 (3);
1593 3965 1629 4002 »
1663 3977 1756 3991 -
1796 3967 1832 4001 «
1866 3946 2148 4031 peccata
2182 3939 2418 4010 mundi
2456 3939 2776 4033 expiavit,

682 4160 753 4223 1¹)
789 4158 976 4215 Genes.
1006 4160 1076 4223 11,
1105 4162 1185 4211 17.

684 4259 754 4322 (2)
793 4258 1043 4326 Wright.‚
1070 4274 1120 4325 ρ,
1158 4259 1331 4309 *aaz
1371 4287 1384 4302 .

679 4374 1040 4441 4³).wrigm.‚
1064 4390 1118 4443 1>-
1155 4366 1280 4428 <sb-⁵
1325 4386 1342 4430 τῚ
1369 4367 1500 4441 >0212
1524 4360 1998 4440 1243st
2036 4367 2253 4442 με»)
2291 4381 2531 4440 σιμ-κ
2555 4370 2784 4443 lan—*³0

3150 359 3167 478 *fl-n

3160 4871 3169 4880 .

2840 4917 2847 4928 ·
3042 4933 3053 4944 h
