3175 5084
1336 485 1744 551 ..93-

458 682 785 766 possent,
858 671 1208 764 plerisque
1277 671 1596 743 consulto
1667 669 1988 754 omissis,
2066 670 2341 741 nonnisi
2414 692 2621 744 unum

459 789 829 859 alterumve
883 785 1117 877 maiori
1173 784 1544 858 attentione
1597 784 1880 878 dignum
1935 784 2266 876 deinceps
2325 785 2619 857 subnec-

459 911 707 974 temuS.
756 899 1158 993 Hujusmodi
1211 910 1433 971 autem
1488 920 1645 971 esse
1690 909 2007 991 putamus
2046 901 2385 992 integrum
2422 898 2458 989 §
2496 892 2617 985 15,

459 1038 600 1088 non
638 1035 720 1087 eo
756 1022 1017 1087 tantum
1068 1013 1249 1106 quod
1301 1014 1388 1085 de
1439 1013 1811 1085 animarum
1847 1013 2243 1105 pastoribus
2279 1024 2348 1086 et
2383 1014 2624 1087 docto-

460 1131 656 1203 ribus
717 1130 1173 1203 disertissime
1233 1138 1434 1224 agat,
1505 1151 1740 1201 verum
1793 1130 1994 1201 etiam
2056 1131 2216 1223 quia
2277 1131 2626 1203 nonnullis

461 1247 632 1320 viris
668 1247 894 1318 doctis
930 1254 1402 1339 argumentum
1446 1243 1748 1316 omnium
1784 1245 2279 1317 validissimum
2319 1247 2523 1318 simul
2559 1254 2627 1317 et

462 1360 1056 1455 expeditissimum
1103 1382 1229 1452 pro
1272 1358 1651 1452 episcopali
1687 1359 2052 1451 scriptoris
2089 1358 2422 1453 dignitate
2459 1381 2624 1433 con·

461 1477 686 1548 tinere
719 1476 911 1575 yisus
945 1484 1076 1547 est.

567 1595 935 1686 Postquam
972 1592 1183 1686 igitur
1217 1591 1327 1664 hic
1353 1592 1491 1683 jam
1529 1592 1785 1685 saepius
1822 1592 1888 1662 in
1928 1592 2094 1664 cleri
2122 1593 2282 1664 vitia
2319 1593 2628 1665 invectus

465 1718 601 1793 est,
673 1709 757 1780 ad
831 1709 1134 1780 eamdem
1205 1708 1478 1779 dicendi
1552 1709 1897 1779 materiam
1969 1708 2163 1779 initio
2225 1707 2628 1801 paragraphi

464 1828 779 1921 praedicti
818 1828 1094 1900 rediens
1138 1853 1153 1900 :

572 1972 606 2007 «
643 1945 980 2015 Proeterea
1039 1944 1221 2037 quod
1277 1944 1542 2026 attinet,
1622 1943 1869 2036 inquit,
1935 1943 2016 2013 ad
2082 1965 2161 2016 ea
2219 1966 2372 2037 quae
2436 1945 2631 2023 vobis

468 2060 904 2151 scripsimuS,
968 2060 1215 2147 nostis,
1285 2060 1661 2142 carissimi,
1730 2081 1850 2132 eos
1913 2060 2028 2153 qui
2092 2061 2411 2133 doctores
2476 2069 2634 2134 sunt

467 2175 647 2269 legis
684 2184 751 2247 et
785 2184 1190 2268 potestatem
1245 2185 1564 2248 exercent
1620 2176 1689 2245 in
1746 2177 2002 2269 populo
2043 2178 2309 2261 nostro,
2350 2186 2634 2269 propter

469 2292 815 2365 avaritiam
885 2292 1140 2366 invidia
1208 2301 1411 2384 atque
1495 2284 1655 2364 odio
1727 2293 2108 2375 exarsisse,
2184 2295 2634 2366 conveniente

468 2409 898 2481 correctione
951 2409 1255 2480 moribus
1310 2408 1626 2479 nostris:
1672 2408 1789 2500 qui
1834 2409 2012 2479 enim
2071 2409 2425 2481 manifeste
2478 2431 2636 2504 pec-

469 2525 772 2609 cavimus
809 2521 1165 2605 manifeste
1201 2522 1514 2616 castigati
1558 2544 1818 2594 sumus,
1866 2524 2034 2593 Dein
2074 2525 2297 2616 quoad
2335 2534 2635 2596 sanctam

474 2662 787 2711 manuum
818 2640 1351 2731 impositionem,
1385 2660 1581 2732 quam
1610 2639 1885 2732 quidam
1914 2649 2221 2712 nostrum
2258 2642 2629 2734 accipiunt,

470 2755 558 2825 de
620 2756 769 2826 solo
825 2755 1288 2847 impositionis
1348 2754 1526 2824 facto
1594 2755 1773 2826 inter
1833 2775 1909 2826 se
1984 2756 2440 2838 contendunt;
2509 2777 2635 2828 nec

472 2870 700 2941 statim
738 2870 1103 2962 reperitur,
1149 2879 1453 2962 tempore
1500 2878 1767 2951 nostro,
1812 2870 1928 2962 qui
1960 2878 2218 2962 quaerat
2272 2872 2457 2963 pium
2511 2872 2635 2942 Dei

473 2986 832 3068 cultorem,
899 2985 1022 3056 sed
1086 2986 1169 3056 de
1231 2986 1355 3055 hac
1417 3006 1489 3056 re
1552 2985 1835 3057 solliciti
1896 2994 2096 3068 sunt,
2165 2986 2477 3078 quisnam
2545 2987 2638 3057 sit

474 3102 913 3193 impositione
950 3120 1262 3170 manuum
1298 3100 1668 3193 antiquior,
1732 3110 1796 3171 et
1853 3109 2211 3193 postquam
2249 3101 2637 3172 didicerunt

472 3216 766 3309 aliquem
801 3216 1252 3308 antiquiorem
1283 3237 1464 3298 esse,
1509 3216 1746 3289 dicunt
1782 3216 1844 3287 ei
1888 3241 1901 3285 ε
1947 3218 2039 3288 Τ6
2075 3217 2272 3288 decet
2309 3216 2374 3286 in
2415 3217 2635 3308 primo

474 3331 628 3402 loco
690 3330 1116 3403 accumbere.
1166 3332 1381 3402 Nemo
1439 3331 1667 3423 itaque
1722 3340 1827 3402 est
1881 3332 1994 3424 qui
2052 3332 2433 3404 meminerit
2486 3354 2635 3404 ver-

362 3531 369 3535 ·
476 3446 713 3517 borum
777 3432 1173 3530 Salvatoris,
1240 3446 1500 3517 Scribis
1564 3455 1633 3517 et
1697 3447 2062 3518 Pharisaeis
2123 3468 2360 3540 poenas
2420 3448 2637 3519 inten-

474 3561 707 3645 tantiS‚
751 3582 1010 3654 eosque
1047 3563 1148 3633 sic
1185 3561 1661 3654 compellantis
1689 3559 1764 3658 (1)
1802 3587 1815 3631 ε
1859 3566 1968 3633 Voe
2001 3566 2204 3644 vobis,
2235 3565 2355 3653 qui
2389 3565 2639 3633 amatis

475 3678 834 3747 cathedras
885 3679 958 3746 in
1006 3679 1369 3770 synaqoqis
1427 3688 1493 3748 et
1554 3679 1898 3748 recubitus
1959 3681 2031 3748 in
2094 3680 2325 3762 coenia,
2390 3680 2642 3769 quique

476 3796 784 3883 qaudetis
833 3816 946 3865 vos
997 3797 1079 3866 ab
1134 3796 1516 3865 homi-nibus
1557 3797 1922 3888 maqistros
1954 3797 2162 3865 etiam
2195 3807 2399 3886 atque
2431 3797 2637 3866 etiam

480 3910 746 3982 vocari!
814 3912 1112 3997 FratreS,
1191 3912 1462 3983 nomina
1532 3934 1658 3984 nec
1728 3913 1810 3984 ad
1881 3913 2081 3985 vitam
2154 3914 2437 3995 ducunt,
2513 3934 2639 3985 nec

483 4025 778 4118 eripiunt
826 4049 864 4097 a
918 4036 1161 4110 morte,
1221 4026 1792 4118 quemadmodum
1840 4049 1973 4100 nou
2037 4028 2351 4120 eripuere
2405 4027 2640 4098 Nadab

548 4275 619 4339 (l)
653 4275 835 4328 nauh.
863 4276 1042 4338 xxm,
1067 4277 1120 4339 6,
1147 4277 1203 4338 73
1235 4276 1358 4328 Luc.
1387 4276 1489 4339 ΧΧ,
1515 4276 1598 4327 46.
