3175 5084
1238 475 1645 540 ...13-..

455 660 678 730 Porro
746 660 966 731 virum
1037 659 1228 731 illum
1299 659 1478 732 acris
1549 658 1810 752 ingenii
1902 659 2157 743 fuisse,
2237 680 2527 753 eumque

350 780 686 865 quantum
722 773 793 844 id
832 774 980 845 fieri
1017 782 1249 866 potest
1303 775 1531 846 Sacris
1583 774 1866 846 Litteris
1921 774 2275 847 studuisse
2326 783 2527 867 atque

348 907 638 979 operam
679 888 1060 970 navavisse,
1105 888 1326 980 ipsius
1362 910 1538 980 opus
1576 889 2029 960 demonstrat.

452 1003 790 1074 Eumdem
827 1011 1159 1094 praeterea
1195 1003 1605 1074 coenobitam
1644 1004 1859 1075 fuisse
1897 1011 1966 1074 et
1993 1003 2180 1074 clero
2220 1003 2528 1094 adscrip-

349 1125 499 1189 tum
552 1138 637 1188 ex
688 1117 836 1206 ejus
879 1118 1112 1188 verbis
1166 1118 1496 1211 colligere
1544 1119 1728 1189 licet.
1775 1117 2197 1189 Coenobitam
2250 1117 2528 1209 quidem

351 1251 433 1300 se
504 1251 665 1302 esse
734 1231 1037 1302 ostendit
1090 1233 1160 1301 in
1219 1235 1519 1323 Epistola
1589 1254 1793 1325 quam
1851 1231 2210 1323 inscripsit
2285 1256 2298 1301 z
2379 1234 2528 1302 Dis-

350 1349 639 1416 sertatio
672 1347 756 1417 de
787 1347 957 1433 filiis
983 1350 1173 1436 pacti
1209 1345 1316 1440 (t);
1360 1347 1452 1418 ita
1503 1348 1688 1417 enim
1739 1348 2152 1419 vocabantur
2205 1367 2282 1416 ea
2333 1353 2531 1418 aetate

353 1462 723 1544 coenobitoe,
792 1461 909 1553 qui
957 1469 1026 1532 et
1082 1464 1380 1532 solitarii
1442 1462 1846 1534 dicebantur
1896 1459 1998 1558 (2).
2053 1463 2216 1532 Haec
2266 1460 2534 1532 scilicet

356 1578 426 1646 in
467 1577 582 1647 illa
619 1579 916 1667 Epistola
954 1577 1198 1648 scribit
1240 1603 1253 1648 :
1303 1606 1338 1641 «
1375 1578 1829 1663 Quamobrem
1866 1577 1996 1648 hoc
2033 1584 2139 1648 est
2168 1576 2532 1647 consilium

354 1694 751 1776 honestum,
795 1694 1213 1765 conveniens
1249 1704 1318 1765 et
1352 1694 1740 1786 pulchrum,
1778 1693 1962 1787 quod
2001 1693 2089 1764 do
2128 1702 2196 1763 et
2249 1691 2415 1761 mihi
2466 1701 2535 1762 et

352 1811 585 1891 vobiS‚
648 1809 1014 1892 carissimi,
1071 1810 1407 1895 monachi,
1467 1811 1584 1902 qui
1640 1831 1889 1881 uxores
1943 1830 2080 1880 non
2128 1807 2410 1891 ducitis,
2470 1818 2537 1878 et

355 1923 697 2016 virgineS,
721 1944 872 2014 quae
904 1923 1174 1995 innubae
1203 1924 1646 2015 permanetis,
1672 1946 1796 1994 vos
1823 1944 2062 1995 omnes
2093 1921 2194 2014 (3),
2227 1921 2530 2013 inquam,

357 2038 477 2130 qui
530 2038 913 2109 castitatem
967 2038 1368 2131 virginalem
1416 2037 1491 2135 (4)
1542 2040 1837 2132 diligitis
1882 2063 1899 2110 ε
1932 2039 2221 2129 justum,
2281 2037 2535 2108 decens

357 2175 439 2224 ac
477 2154 807 2225 decorum
858 2161 990 2237 est,
1031 2175 1610 2247 unumquemque,
1655 2154 1924 2226 etiamsi
1970 2154 2334 2224 afflictione
2373 2173 2535 2247 pre-

356 2277 608 2351 matur,
670 2268 1050 2339 solitarium
1106 2290 1404 2340 manere.
1468 2270 1566 2341 Eo
1620 2290 1911 2361 namque
1961 2267 2164 2339 modo
2217 2267 2538 2339 convenit.

355 2382 678 2477 singulos
715 2382 1042 2467 habitare,
1099 2382 1183 2453 de
1237 2405 1373 2474 quo
1429 2384 1608 2476 apud
1659 2381 2022 2454 Jeremiam
2067 2382 2469 2473 prophetam
2514 2406 2528 2450 :

353 2501 614 2568 Beatus
647 2494 757 2567 vir
789 2500 909 2586 qai
931 2499 1185 2588 juqum
1214 2509 1408 2568 tuum
1436 2501 1510 2567 in
1546 2499 2001 2569 adolescentia
2037 2517 2167 2566 saa
2198 2498 2537 2585 portabit!

354 2613 624 2683 Sedebit
658 2613 1011 2682 solitarius
1047 2622 1111 2683 et
1148 2615 1414 2696 tacebit,
1452 2614 1773 2702 quoniam
1795 2614 2049 2702 jaqum
2098 2622 2292 2681 taum
2336 2613 2411 2679 in
2467 2630 2539 2679 se

356 2839 493 2893 viris
519 2839 789 2904 religiosis
812 2853 908 2892 seu
943 2841 1160 2902 ascetis,
1189 2841 1365 2908 magis
1406 2841 1626 2906 quidem
1667 2839 1885 2906 proprie
1921 2839 2220 2898 solitario&
2249 2850 2374 2889 mox
2413 2848 2539 2890 vero

356 2929 414 2975 et
439 2922 732 2975 monachos
768 2923 1070 2987 qeneratim
1112 2924 1194 2976 vel
1237 2924 1543 2986 coenobitaS,
1572 2923 1799 2989 perinde
1834 2935 1896 2975 ac
1928 2923 2083 2999 'fii-⁴?
2122 2928 2214 2973 aut
2246 2920 2482 2997 §.4300ss
2514 2956 2535 2991 ,

358 3019 653 3087 significat.
681 3018 922 3071 Similem
949 3022 1238 3085 quamdam
1265 3023 1665 3081 extensionem,
1695 3035 1794 3073 usu
1825 3021 2119 3081 inductam,
2147 3019 2541 3089 animadvertet

356 3102 601 3169 diligens
641 3101 813 3154 lector
851 3103 1032 3166 quoad
1070 3104 1329 3156 vocabula
1377 3105 1562 3156 Latina
1598 3106 1917 3165 mortetenus,
1942 3103 2352 3163 monasterium,
2395 3117 2538 3168 quae,

357 3198 484 3237 cum
515 3197 581 3236 ex
605 3191 786 3250 etymo
811 3183 879 3235 ad
903 3187 1068 3238 vitam
1106 3187 1563 3239 anachoretarum
1603 3187 1929 3248 reserantur,
1955 3187 2023 3238 ab
2063 3185 2318 3238 omnibus
2362 3193 2541 3240 tamen

358 3268 530 3324 etiam
552 3266 624 3319 de
646 3266 925 3322 coenooitis
950 3281 1249 3336 corumque
1271 3272 1520 3324 coenobt'is
1549 3264 1803 3338 usurpari
1829 3272 2253 3323 consueverunt.

429 3356 505 3415 (ὅ)
563 3349 792 3438 <Ab
835 3401 849 3414 ,
902 3352 1023 3403 Haec
1066 3363 1189 3414 vox,
1239 3358 1460 3418 propter
1509 3366 1812 3418 pronomen
1863 3351 2145 3404 relativum
2182 3372 2248 3422 ς,
2310 3352 2539 3404 incisum

332 3452 529 3505 vrefert
570 3453 639 3505 ad
682 3451 920 3518 virgines
960 3448 1247 3516 utriusque
1284 3464 1446 3504 sexus
1484 3466 1651 3517 supra
1693 3457 2046 3503 memoratos.
2073 3452 2136 3500 Αι
2178 3451 2234 3504 in
2270 3451 2540 3516 Sapientis

348 3522 541 3587 'Persae
568 3533 804 3596 Epistola
827 3532 1109 3598 (Wright.,
1128 3533 1240 3584 The
1258 3534 1504 3586 humilies
1529 3533 1932 3599 osAphraates,
1961 3547 2010 3597 p.
2043 3527 2171 3627 lm)
2214 3532 2407 3599 legitur
2429 3543 2539 3585 non

357 3616 628 3708 «δὴ,
670 3631 763 3684 sed
799 3614 1077 3704 ςα-ἕλο,
1115 3637 1170 3684 et
1209 3632 1308 3683 hac
1343 3643 1472 3684 voce
1510 3631 1804 3698 alloquitur
1838 3639 2024 3685 auctor
2060 3632 2309 3686 homines
2358 3632 2426 3685 ab
2474 3632 2542 3684 iis

359 3716 455 3784 qui
481 3714 733 3768 coelibem
772 3714 948 3767 adhuc
989 3718 1216 3781 egerunt
1256 3713 1417 3766 vitam
1464 3714 1732 3775 diverSOS,
1777 3713 1901 3767 illos
1941 3714 2146 3767 scilicet
2180 3716 2441 3781 conjuges
2476 3714 2543 3767 de

362 3799 568 3866 quibus
604 3796 855 3863 proxime
893 3797 1068 3851 fuerat
1102 3810 1307 3857 sermo,
1350 3796 1554 3863 quique
1595 3803 1786 3849 mutuo
1826 3810 2098 3850 consensu
2146 3796 2543 3850 continentiam

359 3885 651 3936 voverunt.
700 3880 931 3931 Sensum
982 3879 1069 3932 hic
1110 3890 1211 3945 ego
1254 3879 1520 3946 expressi,
1571 3880 1787 3944 qualem
1830 3892 1953 3932 esse
1996 3884 2126 3944 puto
2167 3878 2212 3931 si
2257 3879 2542 3931 lectionem

364 3962 584 4031 Georgii
608 3960 879 4026 sequaris.
1475 3946 1483 3961 ’

433 4050 509 4111 (4)
566 4045 841 4120 μαι-...ο
877 4056 1074 4097 nomen
1099 4050 1212 4098 tum
1236 4044 1575 4096 sanctitatem
1598 4043 1921 4109 generatim,
1945 4049 2057 4096 tum
2079 4042 2360 4110 speciatim
2380 4042 2545 4108 tiryi·

366 4148 613 4208 nitatem,
658 4143 1070 4203 continentiam,
1115 4142 1421 4195 castitatem
1467 4144 1825 4208 conjugatem,
1854 4153 1952 4208 pro
1976 4141 2247 4208 adJunctis
2273 4146 2443 4194 notat.
2474 4142 2545 4192 De

370 4227 586 4280 arctiori
612 4227 716 4279 hac
737 4224 1134 4293 significatione
1172 4222 1379 4286 confer,
1406 4225 1450 4276 si
1494 4224 1663 4289 lubet,
1696 4225 1776 4277 lll.
1808 4223 2141 4289 Beelenium,
2168 4225 2226 4278 S.
2257 4221 2547 4278 Clementis
