<?xml version="1.0" encoding="UTF-8"?>
<!DOCTYPE html PUBLIC "-//W3C//DTD XHTML 1.0 Transitional//EN"
    "http://www.w3.org/TR/xhtml1/DTD/xhtml1-transitional.dtd">
<html xmlns="http://www.w3.org/1999/xhtml" xml:lang="en" lang="en">
 <head>
  <title>
</title>
<meta http-equiv="Content-Type" content="text/html;charset=utf-8" />
  <meta name='ocr-system' content='tesseract 3.04.00' />
  <meta name='ocr-capabilities' content='ocr_page ocr_carea ocr_par ocr_line ocrx_word'/>
</head>
<body>
  <div class='ocr_page' id='page_1' title='image "./devitaetscripti00forggoog_0368.png"; bbox 0 0 3175 5084; ppageno 0'>
   <div class='ocr_carea' id='block_1_1' title="bbox 1521 485 1977 553">
    <p class='ocr_par' dir='ltr' id='par_1_1' title="bbox 1521 485 1977 553">
     <span class='ocr_line' id='line_1_1' title="bbox 1521 485 1977 553; baseline 0 -19"><span class='ocrx_word' id='word_1_1' title='bbox 1521 485 1977 553; x_wconf 64' lang='lat'><strong>„334-</strong></span> 
     </span>
    </p>
   </div>
   <div class='ocr_carea' id='block_1_2' title="bbox 611 673 2838 3079">
    <p class='ocr_par' dir='ltr' id='par_1_2' title="bbox 611 673 2838 3079">
     <span class='ocr_line' id='line_1_2' title="bbox 664 673 2838 761; baseline 0.003 -14"><span class='ocrx_word' id='word_1_2' title='bbox 664 673 838 749; x_wconf 83' lang='lat' dir='ltr'><strong>telas</strong></span> <span class='ocrx_word' id='word_1_3' title='bbox 897 695 1160 748; x_wconf 84' lang='lat' dir='ltr'><strong>araneae</strong></span> <span class='ocrx_word' id='word_1_4' title='bbox 1220 674 1529 761; x_wconf 88' lang='lat' dir='ltr'><strong>induere,</strong></span> <span class='ocrx_word' id='word_1_5' title='bbox 1587 677 1924 750; x_wconf 82' lang='lat' dir='ltr'><strong>labruscae</strong></span> <span class='ocrx_word' id='word_1_6' title='bbox 1978 677 2223 751; x_wconf 80' lang='lat' dir='ltr'><strong>baccas</strong></span> <span class='ocrx_word' id='word_1_7' title='bbox 2296 679 2704 753; x_wconf 83' lang='lat' dir='ltr'><strong>manducare</strong></span> <span class='ocrx_word' id='word_1_8' title='bbox 2767 690 2838 753; x_wconf 91' lang='lat' dir='ltr'><strong>et</strong></span> 
     </span>
     <span class='ocr_line' id='line_1_3' title="bbox 664 788 2828 888; baseline 0.002 -24"><span class='ocrx_word' id='word_1_9' title='bbox 664 790 1001 884; x_wconf 87' lang='lat' dir='ltr'><strong>abjectum</strong></span> <span class='ocrx_word' id='word_1_10' title='bbox 1050 788 1372 865; x_wconf 88' lang='lat' dir='ltr'><strong>adhibere</strong></span> <span class='ocrx_word' id='word_1_11' title='bbox 1407 799 1789 885; x_wconf 82' lang='lat' dir='ltr'><strong>argentum.</strong></span> <span class='ocrx_word' id='word_1_12' title='bbox 1837 793 1935 864; x_wconf 87' lang='lat' dir='ltr'><strong>lta</strong></span> <span class='ocrx_word' id='word_1_13' title='bbox 1988 793 2286 866; x_wconf 85' lang='lat' dir='ltr'>Sodoma</span> <span class='ocrx_word' id='word_1_14' title='bbox 2332 804 2400 867; x_wconf 91' lang='lat' dir='ltr'><strong>et</strong></span> <span class='ocrx_word' id='word_1_15' title='bbox 2454 794 2614 867; x_wconf 84' lang='lat' dir='ltr'><strong>filiae</strong></span> <span class='ocrx_word' id='word_1_16' title='bbox 2651 796 2828 888; x_wconf 88' lang='lat' dir='ltr'><strong>ejus,</strong></span> 
     </span>
     <span class='ocr_line' id='line_1_4' title="bbox 665 906 2832 1004; baseline 0.002 -25"><span class='ocrx_word' id='word_1_17' title='bbox 665 928 819 1002; x_wconf 84' lang='lat' dir='ltr'><strong>quae</strong></span> <span class='ocrx_word' id='word_1_18' title='bbox 835 906 1168 999; x_wconf 87' lang='lat' dir='ltr'><strong>justiores</strong></span> <span class='ocrx_word' id='word_1_19' title='bbox 1198 906 1696 1000; x_wconf 85' lang='lat' dir='ltr'><strong>Hierosolymae</strong></span> <span class='ocrx_word' id='word_1_20' title='bbox 1723 907 1940 992; x_wconf 83' lang='lat' dir='ltr'><strong>fuere,</strong></span> <span class='ocrx_word' id='word_1_21' title='bbox 1971 918 2344 1003; x_wconf 81' lang='lat' dir='ltr'><strong>exsurgent</strong></span> <span class='ocrx_word' id='word_1_22' title='bbox 2369 912 2608 1004; x_wconf 91' lang='lat' dir='ltr'><strong>quales</strong></span> <span class='ocrx_word' id='word_1_23' title='bbox 2643 921 2832 984; x_wconf 85' lang='lat' dir='ltr'><strong>ante-</strong></span> 
     </span>
     <span class='ocr_line' id='line_1_5' title="bbox 663 1023 2832 1120; baseline 0.001 -23"><span class='ocrx_word' id='word_1_24' title='bbox 663 1026 791 1097; x_wconf 89' lang='lat' dir='ltr'><strong>hac</strong></span> <span class='ocrx_word' id='word_1_25' title='bbox 828 1032 1052 1106; x_wconf 87' lang='lat' dir='ltr'><strong>erant;</strong></span> <span class='ocrx_word' id='word_1_26' title='bbox 1095 1031 1163 1095; x_wconf 90' lang='lat' dir='ltr'><strong>at</strong></span> <span class='ocrx_word' id='word_1_27' title='bbox 1199 1023 1701 1117; x_wconf 86' lang='lat' dir='ltr'><strong>Hierosolyma,</strong></span> <span class='ocrx_word' id='word_1_28' title='bbox 1744 1045 1898 1117; x_wconf 82' lang='lat' dir='ltr'><strong>quae</strong></span> <span class='ocrx_word' id='word_1_29' title='bbox 1936 1025 2299 1098; x_wconf 82' lang='lat' dir='ltr'>Sodomam</span> <span class='ocrx_word' id='word_1_30' title='bbox 2343 1027 2647 1120; x_wconf 88' lang='lat' dir='ltr'><strong>peccatis</strong></span> <span class='ocrx_word' id='word_1_31' title='bbox 2683 1028 2832 1100; x_wconf 92' lang='lat' dir='ltr'><strong>suis</strong></span> 
     </span>
     <span class='ocr_line' id='line_1_6' title="bbox 664 1137 2824 1236; baseline 0 -24"><span class='ocrx_word' id='word_1_32' title='bbox 664 1137 1037 1233; x_wconf 88' lang='lat' dir='ltr'><strong>superavit,</strong></span> <span class='ocrx_word' id='word_1_33' title='bbox 1079 1138 1149 1233; x_wconf 82' lang='lat' dir='ltr'><strong>in</strong></span> <span class='ocrx_word' id='word_1_34' title='bbox 1185 1137 1292 1209; x_wconf 90' lang='lat' dir='ltr'><strong>his</strong></span> <span class='ocrx_word' id='word_1_35' title='bbox 1328 1138 1758 1230; x_wconf 84' lang='lat' dir='ltr'><strong>permanebit</strong></span> <span class='ocrx_word' id='word_1_36' title='bbox 1794 1147 1862 1211; x_wconf 90' lang='lat' dir='ltr'><strong>et</strong></span> <span class='ocrx_word' id='word_1_37' title='bbox 1895 1140 1966 1211; x_wconf 88' lang='lat' dir='ltr'><strong>in</strong></span> <span class='ocrx_word' id='word_1_38' title='bbox 2008 1140 2325 1214; x_wconf 83' lang='lat' dir='ltr'><strong>vastitate</strong></span> <span class='ocrx_word' id='word_1_39' title='bbox 2371 1143 2824 1236; x_wconf 86' lang='lat' dir='ltr'><strong>relinquetur,</strong></span> 
     </span>
     <span class='ocr_line' id='line_1_7' title="bbox 662 1253 2830 1345; baseline 0.002 -19"><span class='ocrx_word' id='word_1_40' title='bbox 662 1254 884 1326; x_wconf 89' lang='lat' dir='ltr'><strong>donec</strong></span> <span class='ocrx_word' id='word_1_41' title='bbox 931 1253 1247 1325; x_wconf 85' lang='lat' dir='ltr'><strong>eveniant</strong></span> <span class='ocrx_word' id='word_1_42' title='bbox 1297 1273 1450 1345; x_wconf 82' lang='lat' dir='ltr'><strong>quae</strong></span> <span class='ocrx_word' id='word_1_43' title='bbox 1505 1253 1574 1323; x_wconf 91' lang='lat' dir='ltr'><strong>in</strong></span> <span class='ocrx_word' id='word_1_44' title='bbox 1627 1263 1959 1326; x_wconf 73' lang='lat' dir='ltr'><strong>aeternum</strong></span> <span class='ocrx_word' id='word_1_45' title='bbox 2008 1256 2384 1329; x_wconf 84' lang='lat' dir='ltr'><strong>constituta</strong></span> <span class='ocrx_word' id='word_1_46' title='bbox 2418 1267 2602 1330; x_wconf 88' lang='lat' dir='ltr'><strong>sunt.</strong></span> <span class='ocrx_word' id='word_1_47' title='bbox 2648 1258 2830 1330; x_wconf 91' lang='lat' dir='ltr'><strong>Dicit</strong></span> 
     </span>
     <span class='ocr_line' id='line_1_8' title="bbox 660 1368 2828 1464; baseline 0.002 -23"><span class='ocrx_word' id='word_1_48' title='bbox 660 1378 884 1443; x_wconf 87' lang='lat' dir='ltr'><strong>autem</strong></span> <span class='ocrx_word' id='word_1_49' title='bbox 917 1368 1232 1440; x_wconf 83' lang='lat' dir='ltr'><strong>Ezechiel</strong></span> <span class='ocrx_word' id='word_1_50' title='bbox 1268 1368 1344 1461; x_wconf 76' lang='grc' dir='ltr'><strong>(ι)</strong></span> <span class='ocrx_word' id='word_1_51' title='bbox 1390 1393 1405 1440; x_wconf 88' lang='lat'><strong>:</strong></span> <span class='ocrx_word' id='word_1_52' title='bbox 1446 1371 1603 1440; x_wconf 87' lang='lat' dir='ltr'><strong>Hoec</strong></span> <span class='ocrx_word' id='word_1_53' title='bbox 1636 1368 1776 1464; x_wconf 83' lang='lat' dir='ltr'><strong>fuit</strong></span> <span class='ocrx_word' id='word_1_54' title='bbox 1810 1373 2142 1462; x_wconf 75' lang='lat' dir='ltr'><strong>iniquitas</strong></span> <span class='ocrx_word' id='word_1_55' title='bbox 2188 1374 2485 1445; x_wconf 82' lang='lat' dir='ltr'><strong>Sodomoe</strong></span> <span class='ocrx_word' id='word_1_56' title='bbox 2533 1386 2601 1445; x_wconf 75' lang='lat' dir='ltr'><strong>ct</strong></span> <span class='ocrx_word' id='word_1_57' title='bbox 2649 1375 2828 1464; x_wconf 74' lang='lat' dir='ltr'><strong>filia·</strong></span> 
     </span>
     <span class='ocr_line' id='line_1_9' title="bbox 659 1484 2827 1581; baseline 0.001 -23"><span class='ocrx_word' id='word_1_58' title='bbox 659 1510 816 1559; x_wconf 81' lang='lat' dir='ltr'><strong>rum</strong></span> <span class='ocrx_word' id='word_1_59' title='bbox 856 1484 1005 1581; x_wconf 74' lang='lat' dir='ltr'><strong>ejus</strong></span> <span class='ocrx_word' id='word_1_60' title='bbox 1046 1487 1223 1576; x_wconf 84' lang='lat' dir='ltr'><strong>quod</strong></span> <span class='ocrx_word' id='word_1_61' title='bbox 1255 1507 1537 1556; x_wconf 83' lang='lat' dir='ltr'><strong>manum</strong></span> <span class='ocrx_word' id='word_1_62' title='bbox 1571 1488 1845 1557; x_wconf 74' lang='lat' dir='ltr'><strong>miseris</strong></span> <span class='ocrx_word' id='word_1_63' title='bbox 1889 1498 1954 1559; x_wconf 84' lang='lat' dir='ltr'><strong>et</strong></span> <span class='ocrx_word' id='word_1_64' title='bbox 1982 1490 2399 1578; x_wconf 68' lang='lat' dir='ltr'><strong>pauperibus</strong></span> <span class='ocrx_word' id='word_1_65' title='bbox 2432 1511 2564 1560; x_wconf 82' lang='lat' dir='ltr'><strong>non</strong></span> <span class='ocrx_word' id='word_1_66' title='bbox 2606 1495 2827 1579; x_wconf 83' lang='lat' dir='ltr'><strong>porri-</strong></span> 
     </span>
     <span class='ocr_line' id='line_1_10' title="bbox 657 1600 2818 1700; baseline 0.001 -26"><span class='ocrx_word' id='word_1_67' title='bbox 657 1613 888 1695; x_wconf 76' lang='lat' dir='ltr'><strong>qerent</strong></span> <span class='ocrx_word' id='word_1_68' title='bbox 905 1631 929 1690; x_wconf 90' lang='grc'><em>;</em></span> <span class='ocrx_word' id='word_1_69' title='bbox 966 1622 1173 1692; x_wconf 81' lang='lat' dir='ltr'><strong>quam</strong></span> <span class='ocrx_word' id='word_1_70' title='bbox 1208 1621 1362 1671; x_wconf 83' lang='lat' dir='ltr'><strong>cum</strong></span> <span class='ocrx_word' id='word_1_71' title='bbox 1397 1601 1716 1675; x_wconf 73' lang='lat' dir='ltr'><strong>vidissem</strong></span> <span class='ocrx_word' id='word_1_72' title='bbox 1776 1603 1850 1670; x_wconf 83' lang='lat' dir='ltr'><strong>in</strong></span> <span class='ocrx_word' id='word_1_73' title='bbox 1896 1603 2023 1684; x_wconf 70' lang='lat' dir='ltr'><strong>eis,</strong></span> <span class='ocrx_word' id='word_1_74' title='bbox 2077 1603 2347 1674; x_wconf 71' lang='lat' dir='ltr'><strong>easdem</strong></span> <span class='ocrx_word' id='word_1_75' title='bbox 2385 1606 2686 1676; x_wconf 78' lang='lat' dir='ltr'><strong>subverti</strong></span> <span class='ocrx_word' id='word_1_76' title='bbox 2719 1600 2818 1700; x_wconf 69' lang='lat' dir='ltr'><strong>(a).</strong></span> 
     </span>
     <span class='ocr_line' id='line_1_11' title="bbox 659 1715 2829 1810; baseline 0 -20"><span class='ocrx_word' id='word_1_77' title='bbox 659 1720 954 1790; x_wconf 89' lang='lat' dir='ltr'><strong>Numera</strong></span> <span class='ocrx_word' id='word_1_78' title='bbox 1011 1737 1221 1809; x_wconf 83' lang='lat' dir='ltr'><strong>porro</strong></span> <span class='ocrx_word' id='word_1_79' title='bbox 1281 1724 1350 1788; x_wconf 89' lang='lat' dir='ltr'><strong>et</strong></span> <span class='ocrx_word' id='word_1_80' title='bbox 1401 1715 1675 1787; x_wconf 81' lang='lat' dir='ltr'><strong>attende</strong></span> <span class='ocrx_word' id='word_1_81' title='bbox 1736 1715 1820 1786; x_wconf 87' lang='lat' dir='ltr'><strong>ab</strong></span> <span class='ocrx_word' id='word_1_82' title='bbox 1884 1724 2081 1788; x_wconf 84' lang='lat' dir='ltr'><strong>aetate</strong></span> <span class='ocrx_word' id='word_1_83' title='bbox 2130 1739 2263 1810; x_wconf 89' lang='lat' dir='ltr'><strong>qua</strong></span> <span class='ocrx_word' id='word_1_84' title='bbox 2319 1718 2667 1791; x_wconf 87' lang='lat' dir='ltr'><strong>destructa</strong></span> <span class='ocrx_word' id='word_1_85' title='bbox 2720 1728 2829 1790; x_wconf 90' lang='lat' dir='ltr'><strong>est</strong></span> 
     </span>
     <span class='ocr_line' id='line_1_12' title="bbox 659 1830 2826 1927; baseline -0 -21"><span class='ocrx_word' id='word_1_86' title='bbox 659 1834 955 1907; x_wconf 88' lang='lat' dir='ltr'><strong>Sodoma</strong></span> <span class='ocrx_word' id='word_1_87' title='bbox 1013 1853 1232 1925; x_wconf 89' lang='lat' dir='ltr'><strong>usque</strong></span> <span class='ocrx_word' id='word_1_88' title='bbox 1294 1831 1376 1903; x_wconf 88' lang='lat' dir='ltr'><strong>ad</strong></span> <span class='ocrx_word' id='word_1_89' title='bbox 1438 1830 1961 1902; x_wconf 81' lang='lat' dir='ltr'><strong>aedificationem</strong></span> <span class='ocrx_word' id='word_1_90' title='bbox 2033 1831 2530 1927; x_wconf 82' lang='lat' dir='ltr'><strong>Hierosolymae</strong></span> <span class='ocrx_word' id='word_1_91' title='bbox 2592 1834 2826 1926; x_wconf 91' lang='lat' dir='ltr'><strong>lapsos</strong></span> 
     </span>
     <span class='ocr_line' id='line_1_13' title="bbox 656 1944 2827 2040; baseline -0 -19"><span class='ocrx_word' id='word_1_92' title='bbox 656 1969 813 2021; x_wconf 90' lang='lat' dir='ltr'><strong>esse</strong></span> <span class='ocrx_word' id='word_1_93' title='bbox 848 1968 1063 2019; x_wconf 91' lang='lat' dir='ltr'><strong>annos</strong></span> <span class='ocrx_word' id='word_1_94' title='bbox 1102 1944 1270 2017; x_wconf 84' lang='lat'><strong>896.</strong></span> <span class='ocrx_word' id='word_1_95' title='bbox 1321 1946 1693 2038; x_wconf 85' lang='lat' dir='ltr'><strong>Postquam</strong></span> <span class='ocrx_word' id='word_1_96' title='bbox 1731 1945 2004 2018; x_wconf 88' lang='lat' dir='ltr'><strong>scilicet</strong></span> <span class='ocrx_word' id='word_1_97' title='bbox 2049 1946 2232 2018; x_wconf 92' lang='lat' dir='ltr'><strong>Deus</strong></span> <span class='ocrx_word' id='word_1_98' title='bbox 2278 1944 2664 2020; x_wconf 87' lang='lat' dir='ltr'><strong>Abrahamo</strong></span> <span class='ocrx_word' id='word_1_99' title='bbox 2701 1969 2827 2040; x_wconf 91' lang='lat' dir='ltr'><strong>per</strong></span> 
     </span>
     <span class='ocr_line' id='line_1_14' title="bbox 655 2056 2825 2157; baseline 0 -24"><span class='ocrx_word' id='word_1_100' title='bbox 655 2062 973 2156; x_wconf 81' lang='lat' dir='ltr'><strong>angelum</strong></span> <span class='ocrx_word' id='word_1_101' title='bbox 1027 2062 1173 2133; x_wconf 86' lang='lat' dir='ltr'><strong>haec</strong></span> <span class='ocrx_word' id='word_1_102' title='bbox 1225 2059 1559 2132; x_wconf 87' lang='lat' dir='ltr'><strong>nuntiavit</strong></span> <span class='ocrx_word' id='word_1_103' title='bbox 1595 2056 1666 2157; x_wconf 80' lang='grc'><strong>(3)</strong></span> <span class='ocrx_word' id='word_1_104' title='bbox 1721 2084 1735 2129; x_wconf 91' lang='lat'>:</span> <span class='ocrx_word' id='word_1_105' title='bbox 1795 2062 1989 2132; x_wconf 82' lang='lat' dir='ltr'><strong>Anno</strong></span> <span class='ocrx_word' id='word_1_106' title='bbox 2029 2065 2340 2151; x_wconf 77' lang='lat' dir='ltr'><strong>proxime</strong></span> <span class='ocrx_word' id='word_1_107' title='bbox 2385 2060 2646 2154; x_wconf 77' lang='lat' dir='ltr'><strong>futuro,</strong></span> <span class='ocrx_word' id='word_1_108' title='bbox 2703 2065 2825 2133; x_wconf 84' lang='lat' dir='ltr'><strong>hoc</strong></span> 
     </span>
     <span class='ocr_line' id='line_1_15' title="bbox 654 2177 2817 2266; baseline 0 -18"><span class='ocrx_word' id='word_1_109' title='bbox 654 2179 822 2248; x_wconf 83' lang='lat' dir='ltr'><strong>anni</strong></span> <span class='ocrx_word' id='word_1_110' title='bbox 872 2187 1182 2266; x_wconf 80' lang='lat' dir='ltr'><strong>tempore,</strong></span> <span class='ocrx_word' id='word_1_111' title='bbox 1220 2177 1312 2247; x_wconf 81' lang='lat' dir='ltr'><strong>ad</strong></span> <span class='ocrx_word' id='word_1_112' title='bbox 1359 2186 1424 2246; x_wconf 78' lang='lat' dir='ltr'><strong>te</strong></span> <span class='ocrx_word' id='word_1_113' title='bbox 1465 2186 1800 2259; x_wconf 74' lang='lat' dir='ltr'><strong>revertar,</strong></span> <span class='ocrx_word' id='word_1_114' title='bbox 1859 2187 1925 2246; x_wconf 84' lang='lat' dir='ltr'><strong>et</strong></span> <span class='ocrx_word' id='word_1_115' title='bbox 1959 2179 2093 2247; x_wconf 78' lang='lat' dir='ltr'><strong>erit</strong></span> <span class='ocrx_word' id='word_1_116' title='bbox 2141 2178 2357 2261; x_wconf 77' lang='lat' dir='ltr'><strong>Saroe,</strong></span> <span class='ocrx_word' id='word_1_117' title='bbox 2402 2180 2606 2248; x_wconf 78' lang='lat' dir='ltr'><strong>uxori</strong></span> <span class='ocrx_word' id='word_1_118' title='bbox 2654 2190 2817 2260; x_wconf 83' lang='lat' dir='ltr'><strong>tuae,</strong></span> 
     </span>
     <span class='ocr_line' id='line_1_16' title="bbox 651 2291 2823 2387; baseline -0 -23"><span class='ocrx_word' id='word_1_119' title='bbox 651 2294 868 2383; x_wconf 74' lang='lat' dir='ltr'><strong>filius,</strong></span> <span class='ocrx_word' id='word_1_120' title='bbox 912 2292 1135 2386; x_wconf 86' lang='lat' dir='ltr'><strong>quoad</strong></span> <span class='ocrx_word' id='word_1_121' title='bbox 1194 2292 1491 2364; x_wconf 88' lang='lat' dir='ltr'><strong>Jacobus</strong></span> <span class='ocrx_word' id='word_1_122' title='bbox 1529 2291 1599 2361; x_wconf 90' lang='lat' dir='ltr'><strong>in</strong></span> <span class='ocrx_word' id='word_1_123' title='bbox 1635 2293 2007 2385; x_wconf 82' lang='lat' dir='ltr'><strong>AEgyptum</strong></span> <span class='ocrx_word' id='word_1_124' title='bbox 2071 2293 2433 2387; x_wconf 88' lang='lat' dir='ltr'><strong>ingressus</strong></span> <span class='ocrx_word' id='word_1_125' title='bbox 2486 2303 2619 2378; x_wconf 87' lang='lat' dir='ltr'><strong>est,</strong></span> <span class='ocrx_word' id='word_1_126' title='bbox 2663 2295 2823 2364; x_wconf 89' lang='lat' dir='ltr'><strong>anni</strong></span> 
     </span>
     <span class='ocr_line' id='line_1_17' title="bbox 652 2402 2822 2503; baseline 0 -25"><span class='ocrx_word' id='word_1_127' title='bbox 652 2409 926 2481; x_wconf 88' lang='lat' dir='ltr'><strong>fuerunt</strong></span> <span class='ocrx_word' id='word_1_128' title='bbox 988 2404 1131 2478; x_wconf 76' lang='lat'><strong>200</strong></span> <span class='ocrx_word' id='word_1_129' title='bbox 1191 2402 1289 2503; x_wconf 76' lang='lat'><strong>(4);</strong></span> <span class='ocrx_word' id='word_1_130' title='bbox 1360 2406 1483 2476; x_wconf 83' lang='lat' dir='ltr'><strong>filii</strong></span> <span class='ocrx_word' id='word_1_131' title='bbox 1542 2416 1766 2478; x_wconf 87' lang='lat' dir='ltr'><strong>autem</strong></span> <span class='ocrx_word' id='word_1_132' title='bbox 1825 2407 2063 2479; x_wconf 84' lang='lat' dir='ltr'><strong>Jacobi</strong></span> <span class='ocrx_word' id='word_1_133' title='bbox 2126 2408 2195 2478; x_wconf 88' lang='lat' dir='ltr'><strong>in</strong></span> <span class='ocrx_word' id='word_1_134' title='bbox 2249 2409 2544 2501; x_wconf 81' lang='lat' dir='ltr'><strong>AEgypto</strong></span> <span class='ocrx_word' id='word_1_135' title='bbox 2578 2429 2822 2479; x_wconf 76' lang='lat' dir='ltr'><strong>annos</strong></span> 
     </span>
     <span class='ocr_line' id='line_1_18' title="bbox 654 2522 2821 2627; baseline 0 -33"><span class='ocrx_word' id='word_1_136' title='bbox 654 2523 798 2595; x_wconf 72' lang='lat'><strong>205</strong></span> <span class='ocrx_word' id='word_1_137' title='bbox 835 2523 1233 2596; x_wconf 86' lang='lat' dir='ltr'><strong>commorati</strong></span> <span class='ocrx_word' id='word_1_138' title='bbox 1272 2531 1456 2602; x_wconf 80' lang='lat' dir='ltr'><strong>sunt,</strong></span> <span class='ocrx_word' id='word_1_139' title='bbox 1511 2522 1605 2627; x_wconf 77' lang='lat' dir='ltr'><strong>ita</strong></span> <span class='ocrx_word' id='word_1_140' title='bbox 1654 2530 1726 2595; x_wconf 84' lang='lat' dir='ltr'><strong>ut</strong></span> <span class='ocrx_word' id='word_1_141' title='bbox 1774 2544 2013 2594; x_wconf 91' lang='lat' dir='ltr'><strong>omnes</strong></span> <span class='ocrx_word' id='word_1_142' title='bbox 2063 2522 2222 2594; x_wconf 88' lang='lat' dir='ltr'><strong>anni</strong></span> <span class='ocrx_word' id='word_1_143' title='bbox 2277 2545 2314 2594; x_wconf 89' lang='lat' dir='ltr'><strong>a</strong></span> <span class='ocrx_word' id='word_1_144' title='bbox 2367 2524 2821 2615; x_wconf 83' lang='lat' dir='ltr'><strong>conceptione</strong></span> 
     </span>
     <span class='ocr_line' id='line_1_19' title="bbox 611 2639 2821 2739; baseline -0 -29"><span class='ocrx_word' id='word_1_145' title='bbox 611 2643 865 2723; x_wconf 70' lang='lat' dir='ltr'><strong>,lsaaci</strong></span> <span class='ocrx_word' id='word_1_146' title='bbox 917 2652 986 2713; x_wconf 92' lang='lat' dir='ltr'><strong>et</strong></span> <span class='ocrx_word' id='word_1_147' title='bbox 1037 2639 1352 2711; x_wconf 79' lang='lat' dir='ltr'><strong>Sodomae</strong></span> <span class='ocrx_word' id='word_1_148' title='bbox 1402 2639 1758 2711; x_wconf 83' lang='lat' dir='ltr'><strong>eversione</strong></span> <span class='ocrx_word' id='word_1_149' title='bbox 1809 2660 2028 2731; x_wconf 86' lang='lat' dir='ltr'><strong>usque</strong></span> <span class='ocrx_word' id='word_1_150' title='bbox 2083 2639 2165 2709; x_wconf 84' lang='lat' dir='ltr'><strong>ad</strong></span> <span class='ocrx_word' id='word_1_151' title='bbox 2215 2639 2687 2739; x_wconf 80' lang='lat' dir='ltr'><strong>egressionem</strong></span> <span class='ocrx_word' id='word_1_152' title='bbox 2737 2659 2821 2710; x_wconf 84' lang='lat' dir='ltr'><strong>ex</strong></span> 
     </span>
     <span class='ocr_line' id='line_1_20' title="bbox 649 2751 2818 2851; baseline -0.001 -23"><span class='ocrx_word' id='word_1_153' title='bbox 649 2759 947 2850; x_wconf 83' lang='lat' dir='ltr'><strong>AEgypto</strong></span> <span class='ocrx_word' id='word_1_154' title='bbox 993 2756 1128 2826; x_wconf 89' lang='lat' dir='ltr'><strong>sint</strong></span> <span class='ocrx_word' id='word_1_155' title='bbox 1174 2753 1317 2825; x_wconf 82' lang='lat'><strong>419</strong></span> <span class='ocrx_word' id='word_1_156' title='bbox 1357 2751 1454 2851; x_wconf 81' lang='lat'>(5).</span> <span class='ocrx_word' id='word_1_157' title='bbox 1501 2755 1674 2826; x_wconf 89' lang='lat' dir='ltr'><strong>Dein</strong></span> <span class='ocrx_word' id='word_1_158' title='bbox 1710 2754 1793 2825; x_wconf 88' lang='lat' dir='ltr'><strong>ab</strong></span> <span class='ocrx_word' id='word_1_159' title='bbox 1840 2756 2023 2827; x_wconf 87' lang='lat' dir='ltr'><strong>exitu</strong></span> <span class='ocrx_word' id='word_1_160' title='bbox 2075 2755 2351 2828; x_wconf 89' lang='lat' dir='ltr'><strong>Israelis</strong></span> <span class='ocrx_word' id='word_1_161' title='bbox 2402 2776 2484 2826; x_wconf 85' lang='lat' dir='ltr'><strong>ex</strong></span> <span class='ocrx_word' id='word_1_162' title='bbox 2519 2756 2818 2848; x_wconf 84' lang='lat' dir='ltr'><strong>AEgypto</strong></span> 
     </span>
     <span class='ocr_line' id='line_1_21' title="bbox 652 2862 2814 2967; baseline -0.003 -22"><span class='ocrx_word' id='word_1_163' title='bbox 652 2874 874 2967; x_wconf 89' lang='lat' dir='ltr'><strong>quoad</strong></span> <span class='ocrx_word' id='word_1_164' title='bbox 904 2862 1375 2966; x_wconf 77' lang='lat' dir='ltr'><strong>Hierosolyma</strong></span> <span class='ocrx_word' id='word_1_165' title='bbox 1412 2871 1737 2962; x_wconf 80' lang='lat' dir='ltr'><strong>maJ‘orem</strong></span> <span class='ocrx_word' id='word_1_166' title='bbox 1773 2878 2035 2963; x_wconf 88' lang='lat' dir='ltr'><strong>partem</strong></span> <span class='ocrx_word' id='word_1_167' title='bbox 2094 2893 2132 2941; x_wconf 85' lang='lat' dir='ltr'><strong>a</strong></span> <span class='ocrx_word' id='word_1_168' title='bbox 2182 2871 2543 2944; x_wconf 89' lang='lat' dir='ltr'><strong>Salomone</strong></span> <span class='ocrx_word' id='word_1_169' title='bbox 2596 2869 2814 2942; x_wconf 82' lang='lat' dir='ltr'><strong>oedifi-</strong></span> 
     </span>
     <span class='ocr_line' id='line_1_22' title="bbox 651 2985 2809 3079; baseline -0.003 -19"><span class='ocrx_word' id='word_1_170' title='bbox 651 2995 798 3060; x_wconf 86' lang='lat' dir='ltr'><strong>cata</strong></span> <span class='ocrx_word' id='word_1_171' title='bbox 865 2997 972 3060; x_wconf 87' lang='lat' dir='ltr'><strong>est</strong></span> <span class='ocrx_word' id='word_1_172' title='bbox 1038 2988 1502 3079; x_wconf 88' lang='lat' dir='ltr'><strong>templumque</strong></span> <span class='ocrx_word' id='word_1_173' title='bbox 1572 2994 2071 3068; x_wconf 87' lang='lat' dir='ltr'><strong>constructum,</strong></span> <span class='ocrx_word' id='word_1_174' title='bbox 2138 2985 2295 3056; x_wconf 89' lang='lat' dir='ltr'><strong>anni</strong></span> <span class='ocrx_word' id='word_1_175' title='bbox 2368 2991 2809 3056; x_wconf 89' lang='lat' dir='ltr'><strong>numerantur</strong></span> 
     </span>
    </p>
   </div>
   <div class='ocr_carea' id='block_1_3' title="bbox 714 3212 2814 3357">
    <p class='ocr_par' dir='ltr' id='par_1_3' title="bbox 714 3212 2814 3357">
     <span class='ocr_line' id='line_1_23' title="bbox 715 3212 1528 3279; baseline -0.01 -11"><span class='ocrx_word' id='word_1_176' title='bbox 715 3219 789 3279; x_wconf 80' lang='lat' dir='ltr'><strong>(l)</strong></span> <span class='ocrx_word' id='word_1_177' title='bbox 825 3214 1014 3267; x_wconf 81' lang='lat' dir='ltr'><strong>Ezech.</strong></span> <span class='ocrx_word' id='word_1_178' title='bbox 1041 3213 1168 3272; x_wconf 80' lang='lat' dir='ltr'><strong>XVI,</strong></span> <span class='ocrx_word' id='word_1_179' title='bbox 1193 3213 1279 3275; x_wconf 73' lang='grc'><strong>49,</strong></span> <span class='ocrx_word' id='word_1_180' title='bbox 1303 3212 1386 3263; x_wconf 76' lang='grc'>50.</span> <span class='ocrx_word' id='word_1_181' title='bbox 1521 3260 1528 3267; x_wconf 72' lang='grc'><strong>,</strong></span> 
     </span>
     <span class='ocr_line' id='line_1_24' title="bbox 714 3289 2814 3357; baseline -0.004 -6"><span class='ocrx_word' id='word_1_182' title='bbox 714 3300 786 3357; x_wconf 80' lang='lat'><strong>(2)</strong></span> <span class='ocrx_word' id='word_1_183' title='bbox 824 3300 1159 3350; x_wconf 83' lang='lat' dir='ltr'><strong>Postremum</strong></span> <span class='ocrx_word' id='word_1_184' title='bbox 1186 3294 1291 3345; x_wconf 87' lang='lat' dir='ltr'><strong>hoc</strong></span> <span class='ocrx_word' id='word_1_185' title='bbox 1313 3291 1544 3344; x_wconf 89' lang='lat' dir='ltr'><strong>incisum</strong></span> <span class='ocrx_word' id='word_1_186' title='bbox 1571 3297 1685 3343; x_wconf 87' lang='lat' dir='ltr'><strong>tum</strong></span> <span class='ocrx_word' id='word_1_187' title='bbox 1712 3291 1857 3357; x_wconf 87' lang='lat' dir='ltr'><strong>apud</strong></span> <span class='ocrx_word' id='word_1_188' title='bbox 1884 3291 2226 3357; x_wconf 67' lang='lat' dir='ltr'><strong>Aput-amem,</strong></span> <span class='ocrx_word' id='word_1_189' title='bbox 2255 3297 2368 3343; x_wconf 84' lang='lat' dir='ltr'><strong>tum</strong></span> <span class='ocrx_word' id='word_1_190' title='bbox 2395 3289 2450 3343; x_wconf 93' lang='lat' dir='ltr'><strong>in</strong></span> <span class='ocrx_word' id='word_1_191' title='bbox 2487 3292 2814 3355; x_wconf 81' lang='lat' dir='ltr'><strong>Peschittha‚</strong></span> 
     </span>
    </p>
   </div>
   <div class='ocr_carea' id='block_1_4' title="bbox 1219 3376 1246 3388">
    <p class='ocr_par' dir='ltr' id='par_1_4' title="bbox 1219 3376 1246 3388">
     <span class='ocr_line' id='line_1_25' title="bbox 1219 3376 1246 3388; baseline 0.037 -1"><span class='ocrx_word' id='word_1_192' title='bbox 1219 3376 1246 3388; x_wconf 72' lang='grc' dir='ltr'><strong>σο</strong></span> 
     </span>
    </p>
   </div>
   <div class='ocr_carea' id='block_1_5' title="bbox 648 3378 2815 3642">
    <p class='ocr_par' dir='ltr' id='par_1_5' title="bbox 648 3378 2815 3642">
     <span class='ocr_line' id='line_1_26' title="bbox 649 3378 2815 3474; baseline -0.003 -23"><span class='ocrx_word' id='word_1_193' title='bbox 649 3399 729 3451; x_wconf 92' lang='lat' dir='ltr'><strong>sic</strong></span> <span class='ocrx_word' id='word_1_194' title='bbox 766 3411 825 3451; x_wconf 91' lang='lat' dir='ltr'><strong>se</strong></span> <span class='ocrx_word' id='word_1_195' title='bbox 865 3397 1027 3449; x_wconf 83' lang='lat' dir='ltr'><strong>habet</strong></span> <span class='ocrx_word' id='word_1_196' title='bbox 1073 3410 1087 3444; x_wconf 73' lang='grc' dir='ltr'><strong>ε</strong></span> <span class='ocrx_word' id='word_1_197' title='bbox 1123 3381 1265 3473; x_wconf 56' lang='lat' dir='ltr'><strong>&lt;nl</strong></span> <span class='ocrx_word' id='word_1_198' title='bbox 1296 3393 1470 3440; x_wconf 56' lang='lat' dir='ltr'><strong>&amp;aaa</strong></span> <span class='ocrx_word' id='word_1_199' title='bbox 1501 3399 1693 3467; x_wconf 52' lang='lat' dir='ltr'><strong>&lt;aaa</strong></span> <span class='ocrx_word' id='word_1_200' title='bbox 1728 3390 1894 3464; x_wconf 60' lang='lat' dir='ltr'><strong>bap-</strong></span> <span class='ocrx_word' id='word_1_201' title='bbox 1925 3378 2121 3472; x_wconf 47' lang='grc' dir='ltr'><strong>ξ-ὲσι</strong></span> <span class='ocrx_word' id='word_1_202' title='bbox 2159 3403 2268 3474; x_wconf 64' lang='grc' dir='ltr'><strong>Γπ</strong></span> <span class='ocrx_word' id='word_1_203' title='bbox 2305 3422 2320 3438; x_wconf 83' lang='grc'><strong>.</strong></span> <span class='ocrx_word' id='word_1_204' title='bbox 2357 3393 2485 3456; x_wconf 85' lang='lat' dir='ltr'><strong>Quae</strong></span> <span class='ocrx_word' id='word_1_205' title='bbox 2509 3389 2815 3457; x_wconf 84' lang='lat' dir='ltr'><strong>propositio</strong></span> 
     </span>
     <span class='ocr_line' id='line_1_27' title="bbox 649 3487 2813 3563; baseline -0.005 -13"><span class='ocrx_word' id='word_1_206' title='bbox 649 3510 871 3550; x_wconf 89' lang='lat' dir='ltr'><strong>sensum</strong></span> <span class='ocrx_word' id='word_1_207' title='bbox 895 3495 1114 3563; x_wconf 85' lang='lat' dir='ltr'><strong>quidem</strong></span> <span class='ocrx_word' id='word_1_208' title='bbox 1141 3493 1320 3547; x_wconf 81' lang='lat' dir='ltr'><strong>fundit</strong></span> <span class='ocrx_word' id='word_1_209' title='bbox 1343 3506 1373 3546; x_wconf 90' lang='lat' dir='ltr'><strong>a</strong></span> <span class='ocrx_word' id='word_1_210' title='bbox 1398 3493 1619 3559; x_wconf 78' lang='lat' dir='ltr'><strong>Vulgata</strong></span> <span class='ocrx_word' id='word_1_211' title='bbox 1646 3497 1835 3545; x_wconf 80' lang='lat' dir='ltr'><strong>nostra</strong></span> <span class='ocrx_word' id='word_1_212' title='bbox 1860 3491 2158 3552; x_wconf 84' lang='lat' dir='ltr'><strong>diversum,</strong></span> <span class='ocrx_word' id='word_1_213' title='bbox 2182 3499 2238 3543; x_wconf 85' lang='lat' dir='ltr'><strong>at</strong></span> <span class='ocrx_word' id='word_1_214' title='bbox 2278 3495 2457 3542; x_wconf 82' lang='lat' dir='ltr'><strong>textus</strong></span> <span class='ocrx_word' id='word_1_215' title='bbox 2496 3487 2813 3555; x_wconf 79' lang='lat' dir='ltr'><strong>primigenii</strong></span> 
     </span>
     <span class='ocr_line' id='line_1_28' title="bbox 648 3571 2813 3642; baseline -0.003 -10"><span class='ocrx_word' id='word_1_216' title='bbox 648 3578 759 3633; x_wconf 89' lang='lat' dir='ltr'><strong>vim</strong></span> <span class='ocrx_word' id='word_1_217' title='bbox 797 3584 1044 3630; x_wconf 82' lang='lat' dir='ltr'><strong>accurate</strong></span> <span class='ocrx_word' id='word_1_218' title='bbox 1084 3576 1359 3642; x_wconf 82' lang='lat' dir='ltr'><strong>exprimit.</strong></span> <span class='ocrx_word' id='word_1_219' title='bbox 1402 3577 1462 3627; x_wconf 85' lang='lat' dir='ltr'><strong>ln</strong></span> <span class='ocrx_word' id='word_1_220' title='bbox 1503 3574 1593 3626; x_wconf 85' lang='lat' dir='ltr'><strong>illa</strong></span> <span class='ocrx_word' id='word_1_221' title='bbox 1635 3572 1839 3639; x_wconf 80' lang='lat' dir='ltr'><strong>quippe</strong></span> <span class='ocrx_word' id='word_1_222' title='bbox 1879 3574 1996 3627; x_wconf 86' lang='lat' dir='ltr'><strong>haec</strong></span> <span class='ocrx_word' id='word_1_223' title='bbox 2031 3573 2323 3638; x_wconf 84' lang='lat' dir='ltr'><strong>leguntur:</strong></span> <span class='ocrx_word' id='word_1_224' title='bbox 2359 3572 2427 3624; x_wconf 82' lang='grc' dir='ltr'><strong>Ει</strong></span> <span class='ocrx_word' id='word_1_225' title='bbox 2465 3571 2663 3624; x_wconf 73' lang='lat' dir='ltr'><strong>abstuli</strong></span> <span class='ocrx_word' id='word_1_226' title='bbox 2699 3585 2813 3634; x_wconf 61' lang='lat' dir='ltr'><strong>ear,</strong></span> 
     </span>
    </p>
   </div>
   <div class='ocr_carea' id='block_1_6' title="bbox 649 3650 2510 3818">
    <p class='ocr_par' dir='ltr' id='par_1_6' title="bbox 649 3650 2510 3818">
     <span class='ocr_line' id='line_1_29' title="bbox 649 3650 2510 3764; baseline -0.001 -37"><span class='ocrx_word' id='word_1_227' title='bbox 649 3677 791 3729; x_wconf 72' lang='lat' dir='ltr'><strong>sicut</strong></span> <span class='ocrx_word' id='word_1_228' title='bbox 813 3674 1019 3735; x_wconf 63' lang='grc' dir='ltr'><strong>υῑαεειῐς</strong></span> <span class='ocrx_word' id='word_1_229' title='bbox 1047 3675 1297 3727; x_wconf 71' lang='lat' dir='ltr'><strong>hebraice</strong></span> <span class='ocrx_word' id='word_1_230' title='bbox 1319 3687 1487 3728; x_wconf 76' lang='lat' dir='ltr'><strong>vero:</strong></span> <span class='ocrx_word' id='word_1_231' title='bbox 1527 3664 1745 3759; x_wconf 49' lang='lat' dir='ltr'><strong>&#39;&#39;²&#39;thssss</strong></span> <span class='ocrx_word' id='word_1_232' title='bbox 1805 3650 2010 3761; x_wconf 57' lang='grc' dir='ltr'><strong>ἰτρζξξ</strong></span> <span class='ocrx_word' id='word_1_233' title='bbox 2051 3665 2252 3764; x_wconf 52' lang='lat' dir='ltr'><strong>wint}</strong></span> <span class='ocrx_word' id='word_1_234' title='bbox 2296 3663 2510 3759; x_wconf 40' lang='lat'><strong>5⁸00&amp;</strong></span> 
     </span>
     <span class='ocr_line' id='line_1_30' title="bbox 715 3757 1333 3818; baseline -0.008 -7"><span class='ocrx_word' id='word_1_235' title='bbox 715 3760 786 3818; x_wconf 78' lang='lat'><strong>(3)</strong></span> <span class='ocrx_word' id='word_1_236' title='bbox 825 3757 1010 3810; x_wconf 77' lang='lat' dir='ltr'><strong>Genes.</strong></span> <span class='ocrx_word' id='word_1_237' title='bbox 1041 3757 1219 3814; x_wconf 81' lang='lat' dir='ltr'><strong>xvlll,</strong></span> <span class='ocrx_word' id='word_1_238' title='bbox 1256 3759 1333 3807; x_wconf 70' lang='grc'><strong>14.</strong></span> 
     </span>
    </p>
   </div>
   <div class='ocr_carea' id='block_1_7' title="bbox 647 3840 2813 3993">
    <p class='ocr_par' dir='ltr' id='par_1_7' title="bbox 647 3840 2813 3993">
     <span class='ocr_line' id='line_1_31' title="bbox 714 3840 2813 3910; baseline 0 -16"><span class='ocrx_word' id='word_1_239' title='bbox 714 3845 787 3906; x_wconf 78' lang='grc'><strong>(4)</strong></span> <span class='ocrx_word' id='word_1_240' title='bbox 823 3845 895 3895; x_wconf 82' lang='lat' dir='ltr'><strong>De</strong></span> <span class='ocrx_word' id='word_1_241' title='bbox 918 3842 1067 3893; x_wconf 85' lang='lat' dir='ltr'><strong>hisce</strong></span> <span class='ocrx_word' id='word_1_242' title='bbox 1085 3840 1367 3905; x_wconf 80' lang='lat' dir='ltr'><strong>Aphraatis</strong></span> <span class='ocrx_word' id='word_1_243' title='bbox 1387 3843 1888 3908; x_wconf 83' lang='lat' dir='ltr'><strong>computationibus</strong></span> <span class='ocrx_word' id='word_1_244' title='bbox 1906 3843 2139 3910; x_wconf 87' lang='lat' dir='ltr'><strong>plurima</strong></span> <span class='ocrx_word' id='word_1_245' title='bbox 2159 3842 2440 3896; x_wconf 84' lang='lat' dir='ltr'><strong>codicibus</strong></span> <span class='ocrx_word' id='word_1_246' title='bbox 2458 3856 2590 3897; x_wconf 85' lang='lat' dir='ltr'><strong>mss.</strong></span> <span class='ocrx_word' id='word_1_247' title='bbox 2614 3846 2813 3897; x_wconf 85' lang='lat' dir='ltr'><strong>menda</strong></span> 
     </span>
     <span class='ocr_line' id='line_1_32' title="bbox 647 3924 2812 3993; baseline 0.001 -13"><span class='ocrx_word' id='word_1_248' title='bbox 647 3926 938 3993; x_wconf 84' lang='lat' dir='ltr'><strong>irrepsisse</strong></span> <span class='ocrx_word' id='word_1_249' title='bbox 974 3937 1059 3978; x_wconf 86' lang='lat' dir='ltr'><strong>res</strong></span> <span class='ocrx_word' id='word_1_250' title='bbox 1100 3924 1219 3990; x_wconf 89' lang='lat' dir='ltr'><strong>ipsa</strong></span> <span class='ocrx_word' id='word_1_251' title='bbox 1255 3925 1437 3978; x_wconf 83' lang='lat' dir='ltr'><strong>statim</strong></span> <span class='ocrx_word' id='word_1_252' title='bbox 1480 3926 1830 3980; x_wconf 80' lang='lat' dir='ltr'><strong>manifestum</strong></span> <span class='ocrx_word' id='word_1_253' title='bbox 1866 3927 2045 3981; x_wconf 77' lang='lat' dir='ltr'><strong>saciet.</strong></span> <span class='ocrx_word' id='word_1_254' title='bbox 2074 3927 2267 3980; x_wconf 80' lang='lat' dir='ltr'><strong>isthaec</strong></span> <span class='ocrx_word' id='word_1_255' title='bbox 2292 3932 2349 3979; x_wconf 87' lang='lat' dir='ltr'><strong>ut</strong></span> <span class='ocrx_word' id='word_1_256' title='bbox 2376 3928 2608 3991; x_wconf 79' lang='lat' dir='ltr'><strong>tolleret,</strong></span> <span class='ocrx_word' id='word_1_257' title='bbox 2632 3929 2812 3982; x_wconf 83' lang='lat' dir='ltr'><strong>varias</strong></span> 
     </span>
    </p>
   </div>
   <div class='ocr_carea' id='block_1_8' title="bbox 646 4021 2811 4342">
    <p class='ocr_par' dir='ltr' id='par_1_8' title="bbox 646 4021 2811 4267">
     <span class='ocr_line' id='line_1_33' title="bbox 646 4021 2811 4108; baseline 0.002 -31"><span class='ocrx_word' id='word_1_258' title='bbox 646 4023 935 4091; x_wconf 81' lang='lat' dir='ltr'><strong>proposuit</strong></span> <span class='ocrx_word' id='word_1_259' title='bbox 967 4021 1306 4089; x_wconf 84' lang='lat' dir='ltr'><strong>conjecturas</strong></span> <span class='ocrx_word' id='word_1_260' title='bbox 1346 4023 1698 4078; x_wconf 80' lang='lat' dir='ltr'><strong>doctissimus</strong></span> <span class='ocrx_word' id='word_1_261' title='bbox 1736 4025 2045 4093; x_wconf 83' lang='lat' dir='ltr'><strong>Wrightius</strong></span> <span class='ocrx_word' id='word_1_262' title='bbox 2083 4026 2158 4092; x_wconf 90' lang='lat' dir='ltr'><strong>(p.</strong></span> <span class='ocrx_word' id='word_1_263' title='bbox 2194 4035 2373 4108; x_wconf 60' lang='lat'><strong>⁸⁵8*</strong></span> <span class='ocrx_word' id='word_1_264' title='bbox 2407 4029 2607 4093; x_wconf 85' lang='lat' dir='ltr'><strong>seqq.)‚</strong></span> <span class='ocrx_word' id='word_1_265' title='bbox 2646 4039 2811 4093; x_wconf 85' lang='lat' dir='ltr'><strong>quem</strong></span> 
     </span>
     <span class='ocr_line' id='line_1_34' title="bbox 648 4106 2810 4177; baseline 0.001 -17"><span class='ocrx_word' id='word_1_266' title='bbox 648 4107 840 4160; x_wconf 87' lang='lat' dir='ltr'><strong>ducem</strong></span> <span class='ocrx_word' id='word_1_267' title='bbox 881 4106 936 4157; x_wconf 91' lang='lat' dir='ltr'><strong>in</strong></span> <span class='ocrx_word' id='word_1_268' title='bbox 976 4106 1178 4159; x_wconf 82' lang='lat' dir='ltr'><strong>notulis</strong></span> <span class='ocrx_word' id='word_1_269' title='bbox 1216 4107 1284 4161; x_wconf 87' lang='lat' dir='ltr'><strong>de</strong></span> <span class='ocrx_word' id='word_1_270' title='bbox 1321 4108 1423 4160; x_wconf 83' lang='lat' dir='ltr'><strong>hac</strong></span> <span class='ocrx_word' id='word_1_271' title='bbox 1461 4121 1521 4160; x_wconf 89' lang='lat' dir='ltr'><strong>re</strong></span> <span class='ocrx_word' id='word_1_272' title='bbox 1562 4107 1822 4174; x_wconf 84' lang='lat' dir='ltr'><strong>subjectis</strong></span> <span class='ocrx_word' id='word_1_273' title='bbox 1859 4106 2160 4174; x_wconf 87' lang='lat' dir='ltr'><strong>sequimur.</strong></span> <span class='ocrx_word' id='word_1_274' title='bbox 2187 4111 2248 4163; x_wconf 93' lang='lat' dir='ltr'><strong>1n</strong></span> <span class='ocrx_word' id='word_1_275' title='bbox 2284 4109 2541 4177; x_wconf 80' lang='lat' dir='ltr'><strong>praesenti</strong></span> <span class='ocrx_word' id='word_1_276' title='bbox 2566 4108 2685 4162; x_wconf 91' lang='lat' dir='ltr'><strong>loco</strong></span> <span class='ocrx_word' id='word_1_277' title='bbox 2710 4122 2810 4175; x_wconf 86' lang='lat' dir='ltr'><strong>pro</strong></span> 
     </span>
     <span class='ocr_line' id='line_1_35' title="bbox 647 4187 1877 4267; baseline 0.002 -26"><span class='ocrx_word' id='word_1_278' title='bbox 647 4190 747 4242; x_wconf 80' lang='lat'><strong>200</strong></span> <span class='ocrx_word' id='word_1_279' title='bbox 772 4187 1055 4256; x_wconf 84' lang='lat' dir='ltr'><strong>legendum</strong></span> <span class='ocrx_word' id='word_1_280' title='bbox 1084 4195 1269 4243; x_wconf 81' lang='lat' dir='ltr'><strong>monet</strong></span> <span class='ocrx_word' id='word_1_281' title='bbox 1291 4190 1408 4243; x_wconf 76' lang='lat'><strong>204.</strong></span> <span class='ocrx_word' id='word_1_282' title='bbox 1867 4256 1877 4267; x_wconf 25' lang='lat'>⁸</span> 
     </span>
    </p>

    <p class='ocr_par' dir='ltr' id='par_1_9' title="bbox 711 4270 2226 4342">
     <span class='ocr_line' id='line_1_36' title="bbox 711 4270 2226 4342; baseline 0.003 -20"><span class='ocrx_word' id='word_1_283' title='bbox 711 4273 783 4336; x_wconf 77' lang='lat'><strong>(5)</strong></span> <span class='ocrx_word' id='word_1_284' title='bbox 816 4273 972 4325; x_wconf 79' lang='lat' dir='ltr'><strong>Juxta</strong></span> <span class='ocrx_word' id='word_1_285' title='bbox 996 4270 1113 4325; x_wconf 86' lang='lat' dir='ltr'><strong>cod.</strong></span> <span class='ocrx_word' id='word_1_286' title='bbox 1142 4274 1182 4325; x_wconf 80' lang='grc' dir='ltr'><strong>Α</strong></span> <span class='ocrx_word' id='word_1_287' title='bbox 1207 4286 1221 4324; x_wconf 87' lang='lat'>:</span> <span class='ocrx_word' id='word_1_288' title='bbox 1247 4273 1363 4325; x_wconf 77' lang='grc'>409.</span> <span class='ocrx_word' id='word_1_289' title='bbox 1392 4273 1521 4338; x_wconf 78' lang='lat' dir='ltr'><strong>Quae</strong></span> <span class='ocrx_word' id='word_1_290' title='bbox 1543 4270 1705 4326; x_wconf 81' lang='lat' dir='ltr'><strong>lectio</strong></span> <span class='ocrx_word' id='word_1_291' title='bbox 1729 4273 1965 4342; x_wconf 81' lang='lat' dir='ltr'><strong>genuina</strong></span> <span class='ocrx_word' id='word_1_292' title='bbox 1991 4271 2226 4327; x_wconf 84' lang='lat' dir='ltr'><strong>videtur.</strong></span> 
     </span>
    </p>
   </div>
  </div>
 </body>
</html>
