3175 5084
289 16 388 41 ῙῊᾞᾸ
489 14 530 59 ἤ-
539 14 546 23 '

1269 502 1721 570 ...323-

417 705 621 768 erunt
671 704 996 787 acceptoe,·
1057 692 1454 788 addiditque
1504 687 1579 791 (1)
1640 717 1654 763 τ
1715 696 1939 787 Neque
1997 697 2288 767 victimoe
2343 709 2584 771 vestroe

418 812 589 883 mihi
617 813 1053 903 placuerunt.
1096 836 1133 874 >2

518 930 616 999 Ex
654 929 787 999 hoc
823 927 1137 1019 exemplo
1170 925 1647 1019 unusquisque
1675 926 2004 1020 colligere
2032 936 2262 1020 potest
2289 952 2582 1022 quonam

421 1045 624 1117 modo
662 1042 950 1136 Sapiens
1003 1042 1211 1113 Persa
1264 1041 1637 1134 Scriptura>
1672 1042 2142 1114 auctoritatem
2178 1044 2248 1113 in
2286 1044 2582 1117 medium

420 1159 663 1232 afferre
700 1158 942 1241 soleat,
984 1156 1101 1227 ubi
1152 1155 1238 1227 de
1291 1176 1365 1228 re
1411 1157 1800 1250 dogmatica
1844 1158 1953 1228 vel
2000 1159 2336 1249 polemica
2371 1161 2582 1232 stabi-

420 1276 645 1348 lienda
681 1274 932 1368 agitur.
979 1273 1258 1345 Sacrum
1306 1271 1571 1344 scilicet
1620 1280 1875 1343 textum
1922 1273 2324 1366 plerumque
2371 1297 2581 1349 sensu

420 1389 695 1461 litterali
733 1398 800 1460 et
836 1387 1199 1459 etiamnum
1227 1386 1680 1458 communiter
1714 1395 1997 1478 recepto
2029 1402 2347 1480 usurpat;
2392 1413 2580 1483 quae-

422 1504 852 1577 damtamen
902 1502 1160 1596 passim
1216 1499 1645 1573 intermiscet
1701 1501 1786 1571 ad
1843 1503 2294 1594 quaestionem
2360 1508 2583 1579 minus

422 1618 832 1712 pertinentia
883 1619 990 1690 vel
1042 1638 1196 1688 cum
1246 1616 1531 1713 veritate
1569 1617 2098 1689 demonstranda
2130 1620 2386 1692 verbali
2439 1634 2584 1694 tan-

421 1746 592 1815 tum,
633 1742 707 1804 ut
759 1733 850 1803 ita
906 1733 1154 1815 dicam,
1212 1753 1347 1803 non
1398 1732 1564 1803 reali
1616 1731 1943 1803 relatione
1988 1754 2317 1819 connexa,
2362 1739 2584 1830 qualia

424 1861 583 1925 sunt
620 1872 773 1944 quae
811 1872 1016 1942 supra
1054 1849 1138 1922 de
1174 1849 1630 1942 appellatione
1676 1848 1920 1919 domus
1952 1850 2218 1935 Jacobi,
2263 1851 2348 1924 de
2397 1855 2585 1944 prin·

423 1967 693 2060 cipibus
745 1965 1084 2052 Sodomae,
1122 1965 1380 2056 populo
1434 1962 1878 2049 Gomorrhae,
1908 1972 2071 2047 etc„
2112 1969 2460 2058 proponit,
2504 1991 2586 2041 ex

424 2080 717 2153 diversis
753 2078 1059 2153 fontibus
1096 2079 1385 2150 collecta
1421 2099 1549 2148 nec
1582 2099 1785 2148 unam
1822 2079 2265 2174 eamdemque
2310 2093 2585 2157 senten-

422 2196 583 2267 tiam
621 2216 704 2266 ex
739 2194 1188 2286 interpretum
1227 2203 1454 2264 mente
1489 2194 2035 2285 complectentia.

524 2309 1103 2397 Quemadmodum
1143 2317 1366 2380 autem
1406 2308 1910 2400 Scripturarum
1956 2312 2228 2382 oracula
2266 2313 2350 2383 de
2385 2333 2585 2385 voca-

422 2427 611 2499 tione
657 2427 1015 2520 gentilium
1066 2436 1135 2498 et
1186 2424 1579 2497 Judaeorum
1634 2425 2142 2517 reprobatione,
2187 2429 2277 2497 ita
2313 2450 2465 2520 quae
2502 2428 2586 2498 ad

424 2542 743 2614 Messiam
781 2541 1066 2634 ejusque
1120 2542 1188 2610 in
1237 2541 1489 2611 mundo
1547 2539 2040 2631 apparitionem
2092 2551 2403 2632 spectant
2449 2542 2585 2614 fre-

422 2666 709 2752 quenter
743 2666 969 2730 versat
1004 2657 1406 2750 Aphraates.
1445 2654 1599 2727 Huc
1634 2655 1844 2726 refert
1879 2665 2019 2727 tum
2055 2657 2585 2748 promissionem

421 2775 804 2847 Abrahamo
832 2775 1074 2846 factam
1110 2774 1196 2845 de
1234 2773 1625 2845 nationibus
1662 2773 2000 2845 universis
2038 2773 2290 2866 inejus
2328 2775 2589 2847 semine

425 2889 939 2971 benedicendis,
1006 2889 1379 2962 ostendens
1432 2909 1666 2960 semen
1719 2887 1885 2958 illud
1951 2889 2177 2981 ipsum
2239 2888 2584 2961 Christum

426 3027 582 3077 esse
617 3002 723 3104 (ρ),
767 3017 908 3077 tum
959 3005 1390 3099 prophetiam
1436 2986 1673 3077 J'acobi
1725 2998 2162 3087 'Patriamhae,
2206 3005 2348 3076 filio
2394 3005 2589 3077 Judae

425 3121 923 3206 benedicentiS,
967 3143 1194 3214 quam,
1236 3143 1273 3191 a
1306 3121 1626 3193 versione
1667 3122 1974 3210 Simplici
2024 3141 2261 3212 parum
2316 3120 2586 3191 dissen-

422 3254 644 3337 tiens,
705 3252 1020 3346 sequenti
1072 3230 1274 3323 modo
1323 3232 1595 3323 exhibet
1641 3251 1716 3345 (5)
1775 3277 1789 3322 z
1843 3262 2015 3356 §.zo
2055 3246 2284 3331 142...
2318 3259 2489 3358 ἔ..κδ-1
2542 3245 2587 3329 l]

428 3399 611 3489 Ill-12
658 3399 851 3494 ἰδορ
915 3454 934 3470 .
994 3400 1299 3513 ωσιαδρ
1375 3408 1543 3470 Am
1608 3413 1780 3506 <Aa
1844 3399 2188 3514 [Lo-,2300
2278 3454 2296 3474 .
2371 3399 2589 3489 boen..
2645 3479 2653 3487 ,

429 3609 447 3626 .
548 3535 823 3662 ,fi-222³
927 3543 1177 3633 ὶδᾶδοὸ
1259 3554 1423 3624 σιδο
1515 3552 1830 3632 Ιζαεὲδο
1920 3582 2024 3649 ..gn
2107 3554 2336 3647 σὼῃ
2415 3550 2589 3662 §.Eo

359 3734 368 3749 ,
427 3683 750 3777 Ejusdem
806 3683 1186 3778 argumenti
1235 3684 1621 3755 illustrandi
1670 3685 1910 3777 gratia,
1954 3678 2232 3757 ad'ducit
2274 3685 2593 3758 vaticinia

428 3801 620 3872 Isaiae
684 3799 769 3872 de
832 3800 1112 3893 Virgine
1181 3809 1597 3892 conceptura
1666 3810 1734 3872 et
1799 3802 2100 3894 paritura
2171 3802 2415 3873 Filium
2450 3799 2588 3878 ,cui

496 4061 569 4124 (l)
605 4063 730 4113 Loc.
757 4058 849 4112 cit.

492 4160 564 4223 (Ξ)
597 4159 849 4227 Ἧήςὴι.,
888 4171 939 4223 p.
978 4166 1117 4203 ο-Δν
1155 4182 1169 4197 ·

492 4277 564 4338 (5)
602 4273 760 4337 thid„
797 4287 887 4358 pp.
925 4273 1115 4342 4-2,
1175 4283 1339 4344 μ,
1396 4273 1584 4333 μ,
1635 4273 1763 4351 ς»
1805 4300 1820 4313 ·
