3175 5084
0 3913 15 4216 ὗ

0 4224 31 4693 Q
362 4258 586 4326 κνήμη
608 4259 825 4325 (tona,
853 4261 1022 4324 ωτι),
1052 4261 1120 4323 n,
1148 4273 1198 4324 p.
1228 4260 1345 4324 401,
1371 4259 1474 4311 σοι.
1500 4260 1553 4311 2.

1273 478 1685 546 ...65-

387 687 543 738 cum
603 667 862 741 Jacobo
923 666 1255 741 Nisibeno
1318 668 1450 741 hoc
1517 667 1611 739 sit
1680 663 2150 759 repetendum.
2220 665 2309 738 Ut
2376 665 2558 737 enim

386 784 658 868 demus,
700 784 817 856 illa
852 783 1003 878 ipsa
1058 792 1258 859 aetate
1311 805 1445 878 qua
1495 790 1809 858 exaratus
1864 790 1974 855 est
2009 781 2226 855 codex
2262 782 2341 866 B,
2379 802 2557 856 anno

386 900 659 973 scilicet
689 898 860 985 512,
896 899 1035 993 jam
1070 900 1384 994 potuisse
1418 900 1512 972 ita
1547 899 1899 972 obscurari
1934 898 2224 972 duorum
2257 897 2559 972 virorum

384 1015 794 1110 insignium,
836 1015 956 1110 qui
999 1016 1069 1086 in
1107 1015 1323 1110 priori
1361 1023 1554 1110 parte
1589 1013 1825 1088 saeculi
1863 1013 1949 1087 IV
1984 1013 2380 1098 floruerant,
2423 1035 2559 1094 me-

387 1130 701 1215 moriam,
744 1140 821 1202 ut
871 1131 1043 1203 alter
1095 1130 1177 1202 ab
1233 1132 1448 1203 altero
1501 1151 1636 1202 non
1690 1128 2258 1221 distingueretur,
2299 1128 2558 1201 nullum

386 1245 574 1317 illius
610 1244 1042 1317 confusionis
1078 1245 1405 1319 indicium
1443 1242 1979 1337 deprehenditur
2008 1241 2073 1313 in
2099 1242 2558 1315 monumentis

386 1380 543 1452 quae
575 1361 1038 1449 Epistularum
1080 1366 1427 1431 auctorem
1476 1358 1715 1430 Jacobi
1765 1357 2099 1431 vocabulo
2149 1356 2549 1451 designant3

385 1474 523 1546 imo
557 1474 982 1546 contrarium
1035 1494 1117 1546 ex
1165 1473 1413 1547 iisdem
1461 1472 1640 1545 haud
1696 1473 1991 1544 obscure
2041 1468 2416 1565 colligitur,
2460 1472 2553 1543 si·

386 1586 672 1683 quidem
710 1590 892 1663 idem
931 1590 1049 1663 ille
1085 1589 1388 1682 scriptor
1413 1588 1655 1662 eodem
1690 1588 2023 1669 orationis
2045 1597 2284 1661 tenore
2307 1588 2561 1661 dicitur

385 1713 457 1777 et
489 1707 776 1796 Sapiens
811 1707 1048 1789 Persa,
1091 1725 1436 1798 nunquam
1471 1711 1695 1774 autem
1730 1703 1801 1774 S.
1842 1703 2141 1775 «lacobus
2184 1700 2558 1775 Nisibenus

386 1820 480 1890 ita
533 1819 925 1891 nominatus
962 1827 1070 1893 est
1103 1817 1205 1914 (⁴).
1253 1816 1448 1905 Quod
1499 1817 1560 1889 si
1610 1817 1767 1910 quis
1816 1816 2117 1909 objiciat,
2158 1818 2265 1887 vel
2315 1817 2555 1889 eodem

381 1942 720 2029 tempore,
761 1934 871 2006 vel
927 1933 1235 2028 suppari,
1277 1932 1642 2026 Aphraatis
1694 1932 1950 2024 scripta
1994 1930 2173 2023 apud
2221 1930 2557 2003 Armenos

335 2100 347 2109 .
384 2049 736 2144 Episcopo
772 2048 1102 2122 Nisibeno
1138 2048 1355 2121 fuisse
1388 2067 1746 2140 perperam
1783 2046 2129 2132 attributa,
2159 2047 2556 2139 reponimus

383 2163 557 2235 nihil
616 2163 776 2236 inde
827 2171 1067 2236 contra
1114 2172 1416 2236 nostram
1469 2162 1877 2235 sententiam
1914 2161 2111 2255 sequi
2155 2186 2169 2232 :
2213 2161 2331 2232 tali
2366 2181 2551 2233 nam·

383 2300 517 2372 que
588 2279 833 2364 errori,
908 2286 984 2350 ut
1051 2284 1261 2372 patet,
1323 2298 1405 2349 ex
1468 2278 1618 2370 ipsa
1686 2277 2033 2348 nominum
2105 2276 2554 2348 similitudine

382 2395 610 2466 locum
647 2394 890 2479 fuisse,
934 2394 1136 2466 etiam
1171 2393 1352 2487 apud
1390 2415 1510 2465 eos
1538 2392 1851 2464 homines
1887 2392 2005 2485 qui
2060 2391 2368 2485 apprime
2419 2391 2554 2464 sci-

380 2517 535 2581 rent
609 2508 813 2580 alium
886 2529 1043 2582 esse
1112 2511 1424 2580 Jacobum
1486 2509 1903 2591 Nisibenam,
1970 2506 2175 2577 alium
2235 2508 2550 2579 Jacobum

377 2625 761 2714 Sapientem
797 2626 1102 2695 Persam.

479 2738 817 2811 Caeterum
852 2738 1211 2831 utriusque
1245 2738 1725 2831 appellationis
1759 2738 2098 2832 originem
2134 2747 2203 2812 et
2251 2748 2546 2812 mutuam

378 2853 844 2925 habitudinem
884 2853 1304 2926 sufficienter
1339 2854 1665 2947 explicari
1708 2862 2024 2947 putamus
2059 2874 2142 2926 ex
2178 2862 2338 2928 nota
2374 2876 2549 2926 mar-

378 2968 591 3061 ginali
654 2987 856 3060 quam
894 2967 1280 3061 Wrightius
1340 2968 1409 3038 in
1462 2970 1778 3060 Gataloqo
1837 2969 2038 3042 codd.
2105 2971 2267 3040 Mes.
2333 2971 2551 3041 Musei

378 3103 767 3183 Britannici
832 3096 908 3199 (2)
977 3100 1233 3193 publici
1293 3100 1471 3193 J‘uris
1540 3100 1705 3174 fecit
1772 3127 1786 3173 ε
1847 3083 1902 3167 σῖ
1961 3097 2218 3191 „ampl
2285 3094 2548 3189 bam-⁴3

381 3284 398 3300 .
431 3238 613 3302 ..Δὲο
649 3240 840 3321 ..ἦ-ξος
869 3225 1060 3311 hma-
1098 3239 1399 3300 ρεαδ.
1455 3254 1491 3292 «
1527 3227 1815 3321 Sapiens
1860 3228 2235 3322 Aphraates
2281 3236 2387 3301 est
2432 3230 2544 3301 Ja-

378 3343 622 3431 cobu3‚
652 3339 1046 3435 Episcopus
1084 3342 1520 3437 (monasterii)
1548 3344 1692 3414 Mar
1726 3344 2045 3417 Matthaei.
2089 3373 2125 3409 »
2158 3343 2334 3417 Hinc
2361 3344 2543 3415 enim

375 3452 555 3534 haud
623 3469 882 3534 temere
934 3459 1277 3553 conjicere
1327 3482 1699 3555 possumus
1758 3482 1912 3534 eum
1967 3461 2085 3554 qui
2135 3459 2419 3555 proprio
2473 3466 2541 3531 et

376 3576 665 3671 profano
727 3575 1001 3649 nomine
1052 3576 1408 3649 dicebatur
1464 3575 1868 3669 AphraateS,
1919 3584 2184 3671 postea,
2245 3595 2400 3648 cum
2453 3575 2537 3646 ad

274 3766 289 3779 l
376 3691 850 3785 episcopatum
899 3691 1412 3784 proveheretur,
1455 3702 1704 3762 nomen
1740 3688 1936 3774 illud,
1978 3710 2060 3762 ex
2116 3710 2304 3763 more
2355 3687 2536 3781 apud

444 3928 516 3991 (ί)
549 3929 669 3980 Jam
694 3939 880 3994 supra,
920 3941 1011 3994 pp.
1031 3928 1097 3981 34
1114 3931 1169 3980 et
1185 3928 1272 3988 35,
1291 3925 1477 3980 docuit
1505 3931 1836 3980 Assemanus
1857 3925 2038 3994 ipsum
2057 3925 2317 3991 sapientis
2337 3936 2537 3993 cogno·

376 4022 501 4064 men
526 4010 673 4104 apud
698 4012 862 4079 Syros
887 4010 962 4065 ita
989 4010 1177 4065 Jacobi
1194 4010 1516 4077 summensis
1538 4010 1821 4078 proprium
1858 4022 2000 4076 esse,
2030 4015 2090 4064 ut
2109 4008 2369 4067 Nisibeno
2402 4021 2538 4061 nun·

375 4093 850 4243 (1υέῗὲἓὶἰῖἒὲἓὲ
873 4177 936 4243 of
963 4176 1156 4241 Syriae
1195 4176 1561 4240 manuscripts
1605 4178 1664 4228 in
1706 4177 1794 4228 the
1830 4177 2034 4229 British
2072 4176 2335 4239 museum,
2357 4176 2425 4241 hy
2451 4175 2534 4226 W.

2335 4339 2375 4404 7
