3175 5084
1186 486 1636 556 ...197-

417 677 493 752 2.
535 678 839 752 Alterum
878 678 1203 752 indicium
1251 699 1333 750 ex
1381 699 1463 751 eo
1515 677 1772 771 prodit,
1816 677 1999 771 quod
2051 678 2118 749 in
2167 680 2487 753 omnibus

310 797 518 870 hisce
549 798 859 869 Homiliia
913 824 949 861 α
986 795 1168 866 nulla
1203 795 1333 867 alia
1367 794 1760 867 testimonia
1799 803 1868 868 et
1902 797 2236 888 exempla,
2279 797 2415 869 nisi
2452 818 2490 870 e

312 912 556 985 Sacris
604 910 981 1004 Scripturis
1035 909 1432 1003 desumpta,
1485 909 1935 995 adducantur,
1993 910 2111 1004 qui
2164 932 2312 985 mos
2363 912 2492 983 fuit

306 1038 626 1103 veterum
663 1028 1004 1121 primaevae
1040 1027 1374 1099 Ecclesiae
1410 1028 1687 1098 Patrum
1721 1023 1819 1124 (ι).
1863 1056 1898 1091 »

419 1142 495 1216 3.
536 1142 864 1238 Arguitur
897 1142 1145 1215 deinde
1192 1171 1227 1207 «
1264 1161 1347 1213 ex
1399 1143 1782 1215 haeresibus
1836 1163 2205 1235 earumque
2253 1150 2489 1215 aucto-

310 1261 540 1343 ribuS,
592 1258 709 1353 qui
759 1258 867 1331 vel
916 1258 986 1329 in
1034 1259 1463 1330 Ser-monibus
1512 1266 1997 1342 memorantur,
2056 1258 2163 1330 vel
2199 1280 2490 1352 quorum

308 1379 506 1451 nulla
564 1377 634 1448 in
691 1377 800 1449 his
861 1377 936 1448 fit
1003 1376 1282 1449 mentio.
1327 1373 1416 1448 Et
1450 1376 1728 1469 quidem
1784 1377 1852 1446 in
1887 1378 2200 1448 Sermone
2234 1379 2349 1461 IV,
2408 1379 2490 1448 de

297 1500 602 1588 jejunio,
676 1504 820 1568 tres
882 1505 1090 1568 sectae
1160 1495 1636 1568 haereticorum
1707 1502 2174 1577 recensentur,
2248 1515 2492 1587 nempe

313 1612 898 1695 Marcionitarum‚
939 1611 1567 1683 Valentinianorum
1613 1620 1680 1683 et
1730 1611 2254 1683 Manichaeorum
2267 1668 2483 1684 .......

316 1731 584 1801 Praeter
618 1728 745 1799 hos
783 1734 1031 1808 autem,
1063 1727 1266 1798 nullae
1302 1726 1450 1798 aliae
1484 1736 1722 1820 pestes
1757 1754 1792 1791 »
1830 1727 2096 1820 uspiam
2135 1726 2487 1799 nominan-

315 1853 459 1917 tur.
519 1842 746 1915 Altum
804 1842 1154 1914 silentium
1215 1850 1549 1926 servatur,
1619 1864 1683 1914 v.
1740 1862 1845 1935 g.,
1899 1841 1987 1914 de
2042 1842 2485 1936 OrigenistiS,

315 1960 620 2043 ArianiS,
662 1958 1094 2032 Nestorianis
1132 1968 1197 2030 et
1240 1957 1683 2051 Eutychianis
1721 1959 1820 2051 (2).

423 2074 497 2148 4.
539 2076 916 2148 Adducitur
965 2085 1284 2168 tanquam
1334 2077 1467 2147 huc
1520 2076 1777 2148 faciens
1815 2085 1884 2148 et
1920 2107 1956 2142 «
1998 2078 2224 2150 versio
2262 2078 2487 2149 Sacrae

319 2192 697 2285 Scripturae
735 2191 1052 2275 Armena‚
1086 2212 1238 2284 quae
1268 2190 1337 2261 in
1367 2191 1626 2263 nostris
1661 2194 2088 2263 Sermonibus
2124 2193 2486 2276 habetur,»

320 2319 391 2382 et
433 2329 612 2403 quae,
656 2329 809 2379 cum
845 2308 960 2390 sit,
997 2307 1231 2398 judice
1278 2305 1670 2392 Antonello,
1714 2309 2058 2401 antiquior
2105 2309 2219 2380 illa
2273 2316 2491 2380 trans·

322 2424 578 2496 latione
633 2445 769 2516 qua
813 2424 1022 2515 vulgo
1076 2431 1356 2494 utuntur
1407 2422 1723 2510 Armeni,
1780 2433 2086 2517 tempora
2133 2425 2494 2518 praecessit

322 2538 599 2611 Arcadii
637 2539 1071 2632 imperatoris
1105 2546 1173 2610 et
1209 2540 1282 2610 S.
1323 2539 1608 2611 Joannis
1647 2539 2118 2634 Chrysostomi
2156 2536 2256 2636 (3).

429 2655 496 2726 5.
546 2654 802 2726 Jacobo
853 2653 1184 2725 Nisibeno
1246 2654 1471 2726 favent
1531 2676 1610 2727 ea
1670 2676 1848 2748 quae,
1915 2656 1983 2725 in
2039 2657 2350 2727 Homiliia
2409 2657 2493 2728 de

324 2772 688 2850 charitate,
729 2770 811 2838 de
864 2772 1203 2841 vocatione
1252 2771 1558 2860 gentium
1611 2782 1675 2840 et
1719 2773 2180 2862 reprobatione
2229 2772 2490 2843 Judaeo-

326 2908 509 2968 rum,
552 2888 635 2957 de
673 2886 926 2956 Christi
961 2887 1350 2969 divinitate,
1407 2886 1806 2969 ostendunt,
1872 2918 1910 2952 α
1940 2896 2285 2961 auctorem
2335 2891 2490 2960 Ser—

325 3023 598 3073 monum
635 3002 859 3094 ipsum
896 2997 1022 3093 (vel
1061 3009 1247 3073 certe
1284 3002 1432 3093 ejus
1469 3000 1837 3100 parentes),
1873 3024 2114 3077 recens
2152 3025 2233 3075 ex
2271 3003 2491 3076 idolo·

331 3140 476 3190 rum
539 3119 891 3189 erroribus
957 3118 1038 3188 ad
1110 3117 1560 3191 Christianam
1629 3120 1982 3193 veritatem
2053 3141 2487 3205 conversum,
2604 3147 2618 3162 ·

330 3234 571 3327 primis
609 3234 938 3306 Ecclesiae
975 3234 1249 3306 saeculis
1285 3235 1575 3320 vixisse;
1620 3237 1870 3330 quibus
1898 3247 1966 3309 et
2001 3236 2049 3307 ii
2085 3236 2493 3329 quibuscum

335 3370 716 3422 sermonem
786 3349 1107 3431 habebat,
1182 3350 1468 3441 perinde
1536 3373 1614 3424 ac
1686 3353 1862 3445 ipse,
1939 3374 2020 3426 ex
2091 3352 2495 3426 idololatriae

335 3465 635 3537 tenebris
672 3464 754 3535 ad
792 3464 1193 3536 catholicam
1231 3465 1453 3537 lucem
1487 3477 1812 3539 venerant
1847 3465 1949 3565 (4).
1987 3497 2022 3533 »
2509 3467 2515 3474 '

433 3582 502 3652 6.
548 3611 584 3646 «
614 3580 717 3652 Ad
752 3582 897 3653 haec
932 3592 1156 3653 autem
1195 3582 1361 3654 illud
1404 3606 1679 3678 quoque
1730 3585 2071 3677 adjicitur,
2114 3586 2299 3679 quod
2335 3587 2497 3659 vitia

336 3722 487 3793 quae
521 3700 588 3770 in
623 3700 1050 3770 sermonibus
1084 3701 1705 3792 reprehenduntur,
1764 3703 2042 3797 propria
2086 3703 2228 3775 sint
2261 3723 2495 3775 eorum

339 3824 715 3907 temporum
751 3811 1003 3905 quibus
1057 3813 1237 3886 inter
1282 3816 1604 3889 mortales
1651 3819 1722 3889 S.
1764 3818 2063 3892 Jacobus
2097 3819 2302 3892 vitam
2337 3839 2495 3913 age-

401 4063 477 4128 (l)
512 4063 613 4127 Op.
638 4067 692 4116 et
708 4065 807 4116 coe.
829 4062 945 4116 citt.

399 4145 472 4209 (2)
509 4144 670 4209 thid„
698 4158 754 4212 p.
785 4144 849 4198 12
873 4156 990 4210 seq.

399 4233 475 4295 (3)
512 4229 673 4292 ibid„
699 4244 754 4295 p.
782 4231 848 4283 ¹3
872 4241 991 4296 seq·

401 4313 475 4377 (4)
511 4310 674 4376 ibid„
696 4326 750 4379 p.
777 4313 843 4365 14
874 4322 991 4378 seq.
