3175 5084
1248 492 1701 560 ..337-

375 678 671 764 auditor,
725 680 1036 775 intellige
1089 690 1157 754 et
1206 688 1368 754 nota
1422 706 1438 753 ε
1491 682 1550 753 si
1600 703 1793 774 spem
1840 683 2022 755 Deus
2070 682 2372 756 relictam
2421 706 2542 757 vo-

377 794 623 869 luisset
661 797 977 870 Sodomae
1013 805 1080 870 et
1115 797 1404 869 urbibus
1441 819 1594 891 quae
1630 797 1790 869 huic
1839 797 2047 870 sociae
2095 808 2311 881 erant,
2354 799 2540 892 ipsas

380 930 518 982 non
550 911 712 1005 igne
740 920 808 983 et
844 913 1201 1005 sulphure,
1237 933 1389 1007 quae
1417 911 1616 1005 signa
1643 919 1803 984 sunt
1829 912 1967 983 diei
1994 912 2249 984 ultimae
2277 914 2539 997 mundi,

382 1027 957 1119 consumpsisset,
1008 1049 1246 1100 verum
1292 1026 1566 1099 easdem
1619 1028 1688 1097 in
1732 1049 1972 1127 manus
2019 1027 2306 1119 alicujus
2356 1029 2543 1120 regis

383 1143 819 1237 castigandas
865 1143 1291 1217 tradidisset.
1352 1146 1451 1215 Ita
1500 1145 1710 1229 enim,
1754 1153 1827 1216 ut
1863 1145 1933 1214 in
1987 1145 2337 1237 Scriptura
2373 1145 2546 1237 legi-

380 1281 559 1343 muS,
612 1259 882 1353 quando
925 1261 1257 1333 ‚Ieremias
1305 1260 1629 1352 poculum
1696 1261 1949 1333 furoris
2010 1261 2286 1353 populis
2343 1269 2545 1353 atque

380 1376 619 1469 regnis
688 1378 1113 1470 propinavit,
1190 1377 1567 1461 DominuS,
1637 1377 1723 1448 de
1793 1378 2089 1472 singulis
2160 1377 2549 1449 civitatibus

385 1512 624 1585 agenS,
674 1492 1019 1584 promisit,
1071 1514 1279 1584 quum
1329 1492 1612 1564 calicem
1658 1492 1795 1564 illae
1847 1492 2212 1575 ebiberint,
2264 1492 2467 1564 finem
2517 1516 2554 1563 a

385 1626 463 1677 se
511 1606 907 1699 impositum
961 1607 1044 1677 iri
1100 1607 1474 1699 captivitati
1528 1607 1931 1701 Elymaidis,
1993 1608 2181 1701 Tyri,
2251 1608 2554 1695 Sidonis,

387 1706 683 1793 filiorum
752 1722 1040 1794 Ammon
1103 1733 1170 1794 et
1231 1723 1453 1795 Moab.
1516 1725 1601 1794 Et
1660 1724 1744 1794 de
1805 1745 2221 1817 unoquoque
2277 1746 2358 1795 ex
2420 1726 2558 1796 illis

386 1838 623 1931 regnis
662 1838 832 1908 dixit
874 1863 888 1906 :
932 1840 1015 1908 In
1048 1835 1186 1931 fine
1238 1836 1507 1910 dierum
1561 1842 1860 1929 captivos
1895 1841 2044 1929 ejus
2094 1841 2415 1910 reducam
2451 1837 2553 1936 (1).

387 1953 584 2024 Unde
636 1953 947 2025 videmus
1011 1955 1259 2047 Tyrum
1324 1954 1706 2025 restitutam
1773 1964 1839 2025 et
1892 1954 2093 2026 bonis
2144 1956 2556 2039 affluentem,

388 2074 779 2160 postquam,
823 2068 1019 2139 annis
1060 2066 1151 2137 70
1182 2068 1512 2139 oblivioni
1553 2068 1826 2152 tradita,
1869 2089 2139 2161 poenam
2178 2078 2564 2162 quaestuum

391 2204 673 2256 suorum
733 2183 1026 2254 exsolvit
1087 2192 1154 2256 et
1202 2183 1270 2252 in
1317 2183 1639 2255 omnibus
1702 2184 1939 2277 regnis
2001 2185 2332 2256 fornicata
2385 2194 2491 2256 est
2543 2210 2556 2255 :

390 2298 714 2369 citharam
754 2298 1051 2390 sumpsit
1084 2299 1425 2390 docteque
1476 2299 1803 2389 pulsavit,
1847 2307 2119 2370 cantum
2173 2301 2563 2393 frequenta-

392 2415 490 2487 vit
523 2418 625 2508 (a).
670 2415 923 2486 Incolis
973 2415 1175 2486 etiam
1222 2424 1290 2486 et
1335 2416 1536 2486 bonis
1585 2415 1880 2486 abundat
1929 2416 2253 2508 Elymais.
2297 2417 2394 2487 De
2438 2417 2563 2486 Ba-

392 2530 639 2623 bylone
708 2549 869 2599 vero
939 2528 1110 2598 dixit
1175 2516 1508 2599 Jeremias
1563 2524 1638 2624 (3)
1716 2552 1730 2597 :
1810 2529 2017 2599 Cedet
2085 2531 2386 2621 Babylon
2443 2549 2564 2599 nec

390 2654 773 2739 consurqet.
817 2644 900 2713 Et
936 2663 1178 2735 reapse
1214 2643 1456 2714 civitas
1486 2643 1617 2712 ista
1647 2642 1716 2711 in
1747 2640 2059 2713 vastitate
2097 2642 2315 2713 adhuc
2342 2652 2566 2714 manet

393 2767 460 2829 et
494 2766 830 2851 perpetuo
868 2758 1192 2829 manebit.
1236 2760 1334 2830 De
1379 2758 1860 2851 Hierosolyma
1910 2778 2185 2850 quoque
2229 2758 2564 2850 scriptum

393 2882 500 2946 est
533 2871 607 2971 (4)
650 2899 664 2944 ε
708 2874 962 2945 Cecidit
995 2894 1116 2943 nec
1151 2886 1461 2965 resur-yet
1497 2876 1681 2963 virgo
1715 2875 2035 2957 Israeli-5„
2079 2877 2318 2944 ,Iacens
2370 2870 2563 2944 humi

391 2989 737 3060 derelicta·
764 2999 900 3074 est;
955 3009 1146 3058 nemo
1195 2998 1295 3059 est
1336 2990 1457 3079 qui
1502 2984 1726 3077 ipsam
1776 2990 2016 3078 eriqat.
2063 2987 2257 3073 Quod
2297 2987 2356 3057 si
2404 3008 2563 3058 vera

393 3114 500 3175 est
533 3103 896 3197 prophetia
932 3124 1133 3194 quam
1158 3103 1489 3173 Jeremias
1520 3103 1585 3170 in
1619 3102 2034 3196 Babylonem
2063 3101 2305 3184 edidit,
2329 3122 2562 3173 verum

394 3220 598 3290 etiam
635 3228 744 3290 est
780 3227 981 3310 atque
1020 3217 1153 3288 fide
1199 3217 1482 3310 dignum
1529 3217 1715 3310 quod
1754 3218 1839 3288 de
1876 3217 2352 3310 Hierosolyma
2388 3238 2562 3309 prae-

396 3333 654 3405 dictum
689 3333 839 3405 fuit.
887 3332 1273 3404 Promissio
1310 3341 1533 3404 autem
1569 3332 1653 3402 ab
1692 3332 1867 3403 Isaia
1901 3333 1983 3402 ad
2023 3332 2566 3424 Hierosolymam

396 3447 657 3519 directa
690 3445 761 3545 (5)
804 3473 818 3519 :
862 3451 1183 3538 Deinceps
1221 3450 1342 3520 tibi
1377 3469 1512 3519 non
1546 3451 1819 3518 irascar
1845 3450 2147 3537 neque‘te
2182 3448 2558 3538 increpabo,

396 3562 573 3634 haud
624 3564 913 3635 mendax
966 3573 1074 3636 est
1116 3588 1130 3633 :
1189 3563 1445 3635 civitati
1504 3584 1642 3633 non
1699 3563 2036 3633 irascetur
2083 3562 2290 3643 Deus,
2341 3582 2565 3654 neque

463 3788 535 3850 (¹)
569 3788 687 3841 Vid.
716 3791 915 3842 Jerem.
943 3792 1087 3851 xxv,
1121 3793 1184 3843 ¹5
1207 3803 1384 3857 seqq„
1411 3791 1536 3845 coll.
1562 3792 1785 3853 XLVIII,
1810 3791 1894 3853 47,
1919 3795 1976 3842 et
1997 3791 2168 3849 XLIX,
2195 3789 2248 3851 6,
2271 3789 2357 3840 59.

457 3870 534 3933 (2)
565 3870 771 3924 Allusio
806 3878 892 3924 est
927 3872 997 3924 ad
1034 3873 1200 3925 verba
1239 3874 1416 3935 lsaiae,
1457 3874 1636 3935 xxlll,
1667 3875 1731 3924 ¹5
1767 3884 1946 3939 seqq.,
1984 3871 2186 3939 quibus
2223 3873 2569 3935 comparatur

395 3954 586 4018 Tyr-ue,
617 3952 815 4019 opibus
851 3959 906 4006 et
943 3952 1235 4019 splendore
1270 3953 1648 4017 reflorescenS,
1689 3953 1984 4017 meretrici,
2027 3965 2148 4020 quae
2189 3965 2287 4018 per
2323 3951 2474 4006 vicos
2510 3956 2566 4003 et

397 4034 604 4100 plateas
627 4032 904 4096 discurrit,
927 4040 1246 4099 proeparata
1269 4036 1340 4088 ad
1363 4036 1660 4101 capiendas
1684 4036 1921 4089 animas.

465 4119 540 4180 (5)
571 4118 775 4170 Jerem.
806 4119 892 4181 LI,
913 4118 1000 4171 64.

466 4200 544 4264 (4)
575 4204 741 4253 Amos
769 4202 827 4262 v,
855 4200 907 4252 2.

462 4283 539 4346 (5)
575 4283 647 4335 ls.
677 4284 805 4344 mv,
829 4284 883 4336 9.
