3175 5084
1320 478 1730 546 ...73-

1252 794 1685 843 Alimentus
1712 794 1787 839 11.

741 953 838 1023 De
871 952 1243 1042 Aphraatis
1272 953 1505 1042 patria
1538 961 1607 1022 et
1641 951 2080 1022 habitationis
2116 950 2275 1020 loco.

525 1170 744 1240 Porro
779 1168 1185 1261 Aphraatem
1232 1169 1451 1261 patria
1485 1177 1553 1241 et
1593 1189 1848 1263 genere
1885 1168 2163 1240 Persam
2200 1167 2444 1249 fuisse,
2486 1167 2594 1237 vel

424 1283 810 1359 saltemex
872 1283 1066 1378 Syria
1120 1284 1461 1367 orientali,
1528 1285 1887 1357 Persarum
1953 1282 2200 1355 ditioni
2256 1281 2587 1373 subjecta,

422 1397 820 1477 oriundum,
866 1401 1069 1471 multa
1121 1407 1282 1472 sunt
1333 1421 1487 1493 quae
1537 1398 1890 1471 suadeant.
1928 1399 2083 1469 Non
2132 1398 2355 1469 solum
2410 1398 2592 1467 enim

415 1514 556 1604 jam
592 1515 662 1584 in
718 1515 1216 1608 antiquissimis
1270 1537 1553 1608 operum
1609 1537 1888 1587 suorum
1941 1513 2300 1586 codicibus
2358 1535 2591 1585 manu·

426 1629 711 1720 scriptis
740 1629 845 1701 vel
876 1629 1079 1711 nude,
1112 1631 1220 1702 vel
1256 1630 1386 1700 alia
1421 1629 1736 1721 adiuncta
1772 1629 2272 1723 designatione,
2306 1612 2593 1721 Sapiens

423 1747 637 1815 Persa
672 1752 974 1828 vocatur,
1018 1767 1249 1817 verum
1302 1747 1501 1817 etiam
1555 1765 1801 1816 nomen
1849 1744 2016 1815 illud
2054 1746 2435 1834 Aphraatos
2469 1764 2593 1814 seu

422 1859 781 1943 Phar-had,
837 1867 905 1930 et
958 1866 1122 1932 tunc
1174 1869 1241 1932 et
1301 1860 1671 1953 posteriori
1733 1869 2042 1952 tempore
2102 1858 2281 1952 apud
2344 1860 2593 1930 Persas

422 1975 682 2064 passim
713 1995 1087 2046 occurrens
1123 1972 1227 2071 (1),
1269 1996 1350 2046 ex
1389 1974 1669 2046 Persica
1709 1974 1943 2067 lingua
1992 1994 2183 2046 suam
2231 1972 2420 2044 ducit
2454 1974 2590 2043 ori-

422 2089 657 2183 ginem
725 2098 928 2183 atque
998 2091 1597 2185 significationem,
1674 2090 1908 2161 eadem
1972 2088 2294 2161 videlicet
2362 2090 2595 2182 lingua

414 2209 878 2297 praepositum,
914 2206 1336 2302 praefectum,
1379 2209 1616 2279 ducem
1653 2206 2010 2278 denotans,

525 2322 719 2394 Sicut
776 2333 997 2394 autem
1068 2331 1337 2415 tempus
1400 2332 1468 2394 et
1528 2325 1754 2394 locum
1816 2321 2188 2393 nativitatis
2250 2322 2594 2413 Sapientis

424 2438 657 2510 Persae
727 2459 951 2531 neque
1019 2448 1360 2522 accurate,
1437 2460 1658 2531 neque
1728 2437 2116 2507 omnimoda
2184 2437 2594 2509 certitudine

422 2554 712 2626 definire
737 2575 1136 2645 possumus,
1174 2554 1262 2624 ita
1293 2554 1410 2624 ubi
1439 2562 1768 2624 terrarum
1807 2552 2205 2634 adoleverit,
2239 2559 2594 2644 totumque

422 2668 580 2740 vitae
615 2678 886 2760 tempus
921 2671 1358 2763 transegerit,
1395 2671 1580 2740 nullo
1610 2668 2004 2741 testimonio
2042 2667 2343 2741 auctoris
2370 2688 2593 2759 aequa-

423 2784 511 2855 lis
547 2786 658 2855 vel
692 2786 1099 2857 recentioris
1133 2786 1223 2856 ita
1258 2785 1578 2857 traditum
1610 2784 1811 2855 nobis
1847 2793 1979 2867 est,
2013 2792 2088 2856 ut
2114 2783 2298 2856 omni
2336 2791 2594 2854 remota

420 2898 841 2971 obscuritate
910 2908 1023 2971 aut
1092 2899 1515 2971 dubitatione
1585 2900 1876 2993 quaestio
1947 2900 2061 2969 illa
2122 2899 2295 2971 solvi
2358 2907 2586 2990 queat.

423 3013 648 3099 Quare
685 3035 837 3085 cum
877 3015 945 3086 id
986 3037 1191 3087 unum
1240 3015 1427 3088 velut
1478 3037 1516 3086 a
1567 3014 1784 3109 priori
1835 3023 2132 3099 constet,
2184 3014 2592 3106 scriptorem

422 3140 733 3202 nostrum
784 3133 1339 3224 Mesopotamiam
1388 3141 1502 3204 aut
1558 3131 1851 3224 aliquam
1888 3152 1969 3202 ex
2006 3131 2403 3224 regionibus
2440 3129 2591 3224 qui-

422 3243 553 3317 bus
608 3267 836 3317 sermo
891 3248 1210 3341 Syriacus
1259 3248 1551 3319 usitatus
1602 3256 1746 3319 erat
1798 3247 2198 3329 incoluisse,
2254 3246 2592 3339 reliquum

423 3370 531 3432 est
577 3369 653 3432 ut
704 3363 929 3434 locum
979 3364 1046 3433 in
1100 3385 1237 3456 quo
1288 3363 1557 3457 degerit
1611 3364 1898 3435 ulterius
1951 3363 2399 3457 inquiramuS‚
2451 3383 2590 3434 ma-

422 3476 697 3570 gisque,
740 3479 802 3549 si
837 3477 986 3549 fieri
1023 3480 1273 3571 possit,
1316 3478 1875 3551 determinemus

489 3741 558 3804 (l)
596 3737 726 3791 vide
751 3738 891 3791 infra
917 3739 1101 3796 Partis
1124 3744 1155 3796 1
1169 3720 1579 3797 conclusionem.
1603 3745 1769 3797 Porro
1795 3754 1993 3797 nomen
2021 3742 2297 3809 proprium
2333 3742 2571 3822 quii-al,

422 3839 506 3891 vel
533 3836 715 3905 potius
751 3822 961 3901 fimi—⁹
994 3826 1272 3906 (quoniam
1314 3839 1486 3893 forma
1531 3841 1667 3904 haec,
1710 3839 1811 3894 etsi
1853 3852 1957 3892 usu
1994 3840 2262 3895 recentior
2298 3853 2401 3897 nec
2430 3844 2535 3897 nisi
2562 3857 2589 3895 a

427 3921 746 3977 Barbebraeo
804 3931 1086 3993 usurpata,
1138 3930 1317 3978 tamen
1367 3936 1500 3985 non,
1551 3930 1612 3975 ut
1660 3922 1829 3989 prior,
1877 3923 1942 3975 ad
1992 3926 2235 3979 Graecum
2292 3943 2592 4006 2109.an

423 4004 652 4060 formata
692 4014 794 4071 est,
821 4008 918 4063 sed
940 4008 1008 4062 ad
1048 4022 1207 4061 suum
1232 4015 1453 4074 etymon
1480 4006 1738 4074 proprius
1763 4006 2018 4060 accedere
2042 4008 2295 4074 videtur),
2321 4010 2592 4076 composi-

425 4092 536 4140 tum
602 4095 686 4142 est
742 4103 807 4143 ex
854 4091 1241 4159 praepositione
1290 4090 1502 4145 Persica
1538 4098 1626 4208 Γᾷ
1680 4090 1794 4146 sive
1848 4096 1935 4213 νὴ
1990 4104 2109 4157 pro,
2151 4104 2297 4158 proe,
2345 4099 2399 4146 et
2433 4081 2592 4166 ῥὶς»,

424 4199 547 4251 quae
587 4187 736 4241 radix
766 4195 992 4258 apparet
1020 4184 1073 4243 iii
1110 4191 1277 4245 verbo
1314 4190 1530 4245 Persico
1565 4177 1836 4290 ωρῳ,
1874 4203 2088 4257 ponere.
2130 4193 2404 4258 collocare,
2432 4194 2504 4249 ita
2530 4200 2590 4249 ut

424 4285 674 4340 vocabuli
698 4285 1027 4355 significatio
1051 4287 1123 4342 sit
1149 4306 1161 4341 ι
1188 4287 1533 4355 praepositus,
1560 4289 1864 4357 praefectus.
1892 4287 1998 4342 Cfr.
2027 4290 2206 4356 sasse,
2228 4303 2313 4357 op.
2340 4291 2430 4346 cit.
2460 4306 2513 4360 p,
2535 4297 2585 4348 5.
