<?xml version="1.0" encoding="UTF-8"?>
<!DOCTYPE html PUBLIC "-//W3C//DTD XHTML 1.0 Transitional//EN"
    "http://www.w3.org/TR/xhtml1/DTD/xhtml1-transitional.dtd">
<html xmlns="http://www.w3.org/1999/xhtml" xml:lang="en" lang="en">
 <head>
  <title>
</title>
<meta http-equiv="Content-Type" content="text/html;charset=utf-8" />
  <meta name='ocr-system' content='tesseract 3.04.00' />
  <meta name='ocr-capabilities' content='ocr_page ocr_carea ocr_par ocr_line ocrx_word'/>
</head>
<body>
  <div class='ocr_page' id='page_1' title='image "./devitaetscripti00forggoog_0308.png"; bbox 0 0 3175 5084; ppageno 0'>
   <div class='ocr_carea' id='block_1_1' title="bbox 1458 465 1903 533">
    <p class='ocr_par' dir='ltr' id='par_1_1' title="bbox 1458 465 1903 533">
     <span class='ocr_line' id='line_1_1' title="bbox 1458 465 1903 533; baseline 0 -17"><span class='ocrx_word' id='word_1_1' title='bbox 1458 465 1903 533; x_wconf 58' lang='lat' dir='ltr'><strong>..m-</strong></span> 
     </span>
    </p>
   </div>
   <div class='ocr_carea' id='block_1_2' title="bbox 596 654 2765 750">
    <p class='ocr_par' dir='ltr' id='par_1_2' title="bbox 596 654 2765 750">
     <span class='ocr_line' id='line_1_2' title="bbox 596 654 2765 750; baseline -0.001 -20"><span class='ocrx_word' id='word_1_2' title='bbox 596 656 789 750; x_wconf 82' lang='lat' dir='ltr'><strong>juxta</strong></span> <span class='ocrx_word' id='word_1_3' title='bbox 820 655 1152 750; x_wconf 73' lang='lat' dir='ltr'><strong>pleraque</strong></span> <span class='ocrx_word' id='word_1_4' title='bbox 1183 654 1655 749; x_wconf 59' lang='lat' dir='ltr'><strong>chronologiae</strong></span> <span class='ocrx_word' id='word_1_5' title='bbox 1690 662 2086 749; x_wconf 74' lang='lat' dir='ltr'><strong>systemata,</strong></span> <span class='ocrx_word' id='word_1_6' title='bbox 2116 654 2291 749; x_wconf 74' lang='lat' dir='ltr'><strong>ipso</strong></span> <span class='ocrx_word' id='word_1_7' title='bbox 2311 654 2765 732; x_wconf 77' lang='lat' dir='ltr'><strong>eventu-falsa</strong></span> 
     </span>
    </p>
   </div>
   <div class='ocr_carea' id='block_1_3' title="bbox 602 768 2881 867">
    <p class='ocr_par' dir='ltr' id='par_1_3' title="bbox 602 768 2881 867">
     <span class='ocr_line' id='line_1_3' title="bbox 602 768 2881 867; baseline -0.001 -22"><span class='ocrx_word' id='word_1_8' title='bbox 602 771 1043 867; x_wconf 84' lang='lat' dir='ltr'><strong>comprobata</strong></span> <span class='ocrx_word' id='word_1_9' title='bbox 1078 779 1212 856; x_wconf 88' lang='lat' dir='ltr'><strong>est,</strong></span> <span class='ocrx_word' id='word_1_10' title='bbox 1244 771 1470 842; x_wconf 81' lang='lat' dir='ltr'><strong>minus</strong></span> <span class='ocrx_word' id='word_1_11' title='bbox 1503 768 1864 842; x_wconf 90' lang='lat' dir='ltr'><strong>mirabitur</strong></span> <span class='ocrx_word' id='word_1_12' title='bbox 1899 768 2017 863; x_wconf 88' lang='lat' dir='ltr'><strong>qui</strong></span> <span class='ocrx_word' id='word_1_13' title='bbox 2051 769 2433 843; x_wconf 70' lang='lat' dir='ltr'><strong>adverterit</strong></span> <span class='ocrx_word' id='word_1_14' title='bbox 2457 770 2771 843; x_wconf 88' lang='lat' dir='ltr'><strong>eamdem·</strong></span> <span class='ocrx_word' id='word_1_15' title='bbox 2876 847 2881 854; x_wconf 69' lang='grc'><em>,</em></span> 
     </span>
    </p>
   </div>
   <div class='ocr_carea' id='block_1_4' title="bbox 600 884 2762 1096">
    <p class='ocr_par' dir='ltr' id='par_1_4' title="bbox 600 884 2762 1096">
     <span class='ocr_line' id='line_1_4' title="bbox 600 884 2762 981; baseline -0.001 -20"><span class='ocrx_word' id='word_1_16' title='bbox 600 888 766 961; x_wconf 91' lang='lat' dir='ltr'><strong>olim</strong></span> <span class='ocrx_word' id='word_1_17' title='bbox 823 887 920 960; x_wconf 85' lang='lat' dir='ltr'><strong>ita</strong></span> <span class='ocrx_word' id='word_1_18' title='bbox 971 886 1321 980; x_wconf 63' lang='lat' dir='ltr'><strong>vulgatam·</strong></span> <span class='ocrx_word' id='word_1_19' title='bbox 1369 885 1614 969; x_wconf 80' lang='lat' dir='ltr'><strong>fuisse,</strong></span> <span class='ocrx_word' id='word_1_20' title='bbox 1670 894 1746 957; x_wconf 82' lang='lat' dir='ltr'><strong>ut</strong></span> <span class='ocrx_word' id='word_1_21' title='bbox 1804 885 2027 972; x_wconf 88' lang='lat' dir='ltr'><strong>multi,</strong></span> <span class='ocrx_word' id='word_1_22' title='bbox 2083 884 2270 978; x_wconf 88' lang='lat' dir='ltr'><strong>iique</strong></span> <span class='ocrx_word' id='word_1_23' title='bbox 2338 906 2477 958; x_wconf 86' lang='lat' dir='ltr'><strong>non</strong></span> <span class='ocrx_word' id='word_1_24' title='bbox 2537 886 2762 981; x_wconf 70' lang='lat' dir='ltr'><strong>ignoti</strong></span> 
     </span>
     <span class='ocr_line' id='line_1_5' title="bbox 601 999 2759 1096; baseline 0 -22"><span class='ocrx_word' id='word_1_25' title='bbox 601 1002 928 1088; x_wconf 82' lang='lat' dir='ltr'><strong>nominis,</strong></span> <span class='ocrx_word' id='word_1_26' title='bbox 992 1001 1375 1096; x_wconf 72' lang='lat' dir='ltr'><strong>scriptores</strong></span> <span class='ocrx_word' id='word_1_27' title='bbox 1423 999 1881 1073; x_wconf 85' lang='lat' dir='ltr'><strong>ecclesiastici</strong></span> <span class='ocrx_word' id='word_1_28' title='bbox 1940 999 2024 1072; x_wconf 90' lang='lat' dir='ltr'><strong>ad</strong></span> <span class='ocrx_word' id='word_1_29' title='bbox 2086 1000 2310 1094; x_wconf 79' lang='lat' dir='ltr'><strong>ipsam</strong></span> <span class='ocrx_word' id='word_1_30' title='bbox 2368 1001 2759 1095; x_wconf 78' lang='lat' dir='ltr'><strong>propende·</strong></span> 
     </span>
    </p>
   </div>
   <div class='ocr_carea' id='block_1_5' title="bbox 597 1113 2765 1212">
    <p class='ocr_par' dir='ltr' id='par_1_5' title="bbox 597 1113 2765 1212">
     <span class='ocr_line' id='line_1_6' title="bbox 597 1113 2765 1212; baseline 0 -22"><span class='ocrx_word' id='word_1_31' title='bbox 597 1118 735 1191; x_wconf 90' lang='lat' dir='ltr'><strong>rint</strong></span> <span class='ocrx_word' id='word_1_32' title='bbox 770 1117 873 1211; x_wconf 69' lang='lat'><strong>(4).</strong></span> <span class='ocrx_word' id='word_1_33' title='bbox 932 1118 1171 1212; x_wconf 85' lang='lat' dir='ltr'><strong>Neque</strong></span> <span class='ocrx_word' id='word_1_34' title='bbox 1224 1113 1573 1210; x_wconf 77' lang='lat' dir='ltr'><strong>Georgius</strong></span> <span class='ocrx_word' id='word_1_35' title='bbox 1624 1115 1961 1209; x_wconf 77' lang='lat' dir='ltr'><strong>gentium,</strong></span> <span class='ocrx_word' id='word_1_36' title='bbox 2024 1116 2185 1188; x_wconf 91' lang='lat' dir='ltr'><strong>dum</strong></span> <span class='ocrx_word' id='word_1_37' title='bbox 2235 1137 2384 1190; x_wconf 80' lang='lat' dir='ltr'><strong>eam</strong></span> <span class='ocrx_word' id='word_1_38' title='bbox 2434 1116 2765 1211; x_wconf 74' lang='lat' dir='ltr'><strong>expendit</strong></span> 
     </span>
    </p>
   </div>
   <div class='ocr_carea' id='block_1_6' title="bbox 590 1230 2759 1677">
    <p class='ocr_par' dir='ltr' id='par_1_6' title="bbox 590 1230 2759 1677">
     <span class='ocr_line' id='line_1_7' title="bbox 594 1230 2759 1326; baseline 0 -22"><span class='ocrx_word' id='word_1_39' title='bbox 594 1254 675 1305; x_wconf 86' lang='lat' dir='ltr'><strong>ac</strong></span> <span class='ocrx_word' id='word_1_40' title='bbox 729 1231 980 1325; x_wconf 85' lang='lat' dir='ltr'><strong>rejicit,</strong></span> <span class='ocrx_word' id='word_1_41' title='bbox 1035 1239 1242 1325; x_wconf 78' lang='lat' dir='ltr'><strong>negat</strong></span> <span class='ocrx_word' id='word_1_42' title='bbox 1289 1232 1686 1325; x_wconf 82' lang='lat' dir='ltr'><strong>complures</strong></span> <span class='ocrx_word' id='word_1_43' title='bbox 1735 1251 1897 1306; x_wconf 86' lang='lat' dir='ltr'><strong>esse</strong></span> <span class='ocrx_word' id='word_1_44' title='bbox 1950 1230 2141 1304; x_wconf 86' lang='lat' dir='ltr'><strong>illius</strong></span> <span class='ocrx_word' id='word_1_45' title='bbox 2188 1241 2562 1326; x_wconf 82' lang='lat' dir='ltr'><strong>patronos;</strong></span> <span class='ocrx_word' id='word_1_46' title='bbox 2619 1232 2759 1304; x_wconf 82' lang='lat' dir='ltr'><strong>imo</strong></span> 
     </span>
     <span class='ocr_line' id='line_1_8' title="bbox 594 1347 2757 1443; baseline 0 -23"><span class='ocrx_word' id='word_1_47' title='bbox 594 1349 1032 1433; x_wconf 87' lang='lat' dir='ltr'><strong>Bardesanis,</strong></span> <span class='ocrx_word' id='word_1_48' title='bbox 1072 1348 1146 1420; x_wconf 89' lang='lat' dir='ltr'><strong>S.</strong></span> <span class='ocrx_word' id='word_1_49' title='bbox 1190 1347 1546 1442; x_wconf 79' lang='lat' dir='ltr'><strong>Hippolyti</strong></span> <span class='ocrx_word' id='word_1_50' title='bbox 1582 1355 1653 1420; x_wconf 87' lang='lat' dir='ltr'><strong>et</strong></span> <span class='ocrx_word' id='word_1_51' title='bbox 1688 1348 1761 1422; x_wconf 87' lang='lat' dir='ltr'><strong>S.</strong></span> <span class='ocrx_word' id='word_1_52' title='bbox 1800 1347 2039 1420; x_wconf 86' lang='lat' dir='ltr'><strong>Jacobi</strong></span> <span class='ocrx_word' id='word_1_53' title='bbox 2091 1349 2439 1434; x_wconf 84' lang='lat' dir='ltr'><strong>Doctoris,</strong></span> <span class='ocrx_word' id='word_1_54' title='bbox 2483 1349 2600 1443; x_wconf 90' lang='lat' dir='ltr'><strong>qui</strong></span> <span class='ocrx_word' id='word_1_55' title='bbox 2647 1349 2757 1421; x_wconf 87' lang='lat' dir='ltr'><strong>his</strong></span> 
     </span>
     <span class='ocr_line' id='line_1_9' title="bbox 592 1461 2754 1560; baseline 0 -25"><span class='ocrx_word' id='word_1_56' title='bbox 592 1464 1226 1560; x_wconf 70' lang='lat' dir='ltr'><strong>propugnatoribus</strong></span> <span class='ocrx_word' id='word_1_57' title='bbox 1293 1461 1705 1536; x_wconf 74' lang='lat' dir='ltr'><strong>accensendi</strong></span> <span class='ocrx_word' id='word_1_58' title='bbox 1774 1471 1971 1547; x_wconf 88' lang='lat' dir='ltr'><strong>sunt,</strong></span> <span class='ocrx_word' id='word_1_59' title='bbox 2042 1463 2248 1535; x_wconf 86' lang='lat' dir='ltr'><strong>verba</strong></span> <span class='ocrx_word' id='word_1_60' title='bbox 2319 1463 2388 1534; x_wconf 90' lang='lat' dir='ltr'><strong>in</strong></span> <span class='ocrx_word' id='word_1_61' title='bbox 2457 1463 2754 1536; x_wconf 84' lang='lat' dir='ltr'><strong>medium</strong></span> 
     </span>
     <span class='ocr_line' id='line_1_10' title="bbox 590 1578 2759 1677; baseline -0.002 -24"><span class='ocrx_word' id='word_1_62' title='bbox 590 1579 871 1654; x_wconf 80' lang='lat' dir='ltr'><strong>adducit</strong></span> <span class='ocrx_word' id='word_1_63' title='bbox 902 1578 1007 1677; x_wconf 64' lang='grc' dir='ltr'><strong>(ι).</strong></span> <span class='ocrx_word' id='word_1_64' title='bbox 1053 1579 1320 1667; x_wconf 86' lang='lat' dir='ltr'><strong>Quibus</strong></span> <span class='ocrx_word' id='word_1_65' title='bbox 1366 1578 1526 1664; x_wconf 87' lang='lat' dir='ltr'><strong>addi</strong></span> <span class='ocrx_word' id='word_1_66' title='bbox 1577 1585 1899 1671; x_wconf 84' lang='lat' dir='ltr'><strong>possunt,</strong></span> <span class='ocrx_word' id='word_1_67' title='bbox 1939 1578 2120 1650; x_wconf 85' lang='lat' dir='ltr'><strong>inter</strong></span> <span class='ocrx_word' id='word_1_68' title='bbox 2164 1578 2475 1664; x_wconf 75' lang='lat' dir='ltr'><strong>Latinos,</strong></span> <span class='ocrx_word' id='word_1_69' title='bbox 2519 1587 2759 1651; x_wconf 85' lang='lat' dir='ltr'><strong>auctor</strong></span> 
     </span>
    </p>
   </div>
   <div class='ocr_carea' id='block_1_7' title="bbox 581 1697 2757 2702">
    <p class='ocr_par' dir='ltr' id='par_1_7' title="bbox 581 1697 2757 2702">
     <span class='ocr_line' id='line_1_11' title="bbox 593 1697 2757 1790; baseline -0.001 -20"><span class='ocrx_word' id='word_1_70' title='bbox 593 1701 1052 1784; x_wconf 75' lang='lat' dir='ltr'><strong>Quoestionum</strong></span> <span class='ocrx_word' id='word_1_71' title='bbox 1085 1699 1177 1770; x_wconf 83' lang='lat' dir='ltr'><strong>ad</strong></span> <span class='ocrx_word' id='word_1_72' title='bbox 1213 1697 1631 1770; x_wconf 71' lang='lat' dir='ltr'><strong>Orthodoxos</strong></span> <span class='ocrx_word' id='word_1_73' title='bbox 1666 1697 1768 1790; x_wconf 80' lang='lat' dir='ltr'><strong>(a),</strong></span> <span class='ocrx_word' id='word_1_74' title='bbox 1811 1717 1966 1789; x_wconf 82' lang='lat' dir='ltr'><strong>quae</strong></span> <span class='ocrx_word' id='word_1_75' title='bbox 2000 1697 2130 1768; x_wconf 91' lang='lat' dir='ltr'><strong>sub</strong></span> <span class='ocrx_word' id='word_1_76' title='bbox 2167 1697 2445 1769; x_wconf 90' lang='lat' dir='ltr'><strong>nomine</strong></span> <span class='ocrx_word' id='word_1_77' title='bbox 2482 1698 2554 1768; x_wconf 92' lang='lat' dir='ltr'><strong>S.</strong></span> <span class='ocrx_word' id='word_1_78' title='bbox 2592 1697 2757 1768; x_wconf 51' lang='lat' dir='ltr'><strong>Juse</strong></span> 
     </span>
     <span class='ocr_line' id='line_1_12' title="bbox 587 1807 2756 1909; baseline -0.001 -23"><span class='ocrx_word' id='word_1_79' title='bbox 587 1814 714 1886; x_wconf 87' lang='lat' dir='ltr'><strong>tini</strong></span> <span class='ocrx_word' id='word_1_80' title='bbox 762 1814 1362 1898; x_wconf 81' lang='lat' dir='ltr'><strong>circumferuntur,</strong></span> <span class='ocrx_word' id='word_1_81' title='bbox 1421 1814 1725 1884; x_wconf 83' lang='lat' dir='ltr'><strong>lrenaeus</strong></span> <span class='ocrx_word' id='word_1_82' title='bbox 1775 1807 1875 1909; x_wconf 77' lang='lat'><strong>(4),</strong></span> <span class='ocrx_word' id='word_1_83' title='bbox 1937 1812 2321 1906; x_wconf 85' lang='lat' dir='ltr'><strong>Cyprianus</strong></span> <span class='ocrx_word' id='word_1_84' title='bbox 2370 1809 2470 1909; x_wconf 68' lang='lat' dir='ltr'><strong>(a),</strong></span> <span class='ocrx_word' id='word_1_85' title='bbox 2524 1812 2756 1885; x_wconf 83' lang='lat' dir='ltr'><strong>Victo-</strong></span> 
     </span>
     <span class='ocr_line' id='line_1_13' title="bbox 588 1926 2750 2028; baseline -0 -28"><span class='ocrx_word' id='word_1_86' title='bbox 588 1931 783 2003; x_wconf 88' lang='lat' dir='ltr'><strong>rinus</strong></span> <span class='ocrx_word' id='word_1_87' title='bbox 816 1927 920 2028; x_wconf 73' lang='lat' dir='ltr'><strong>(e),</strong></span> <span class='ocrx_word' id='word_1_88' title='bbox 961 1927 1358 2002; x_wconf 85' lang='lat' dir='ltr'><strong>Lactantius</strong></span> <span class='ocrx_word' id='word_1_89' title='bbox 1387 1928 1494 2024; x_wconf 75' lang='grc' dir='ltr'><strong>(τ),</strong></span> <span class='ocrx_word' id='word_1_90' title='bbox 1537 1927 1839 2000; x_wconf 86' lang='lat' dir='ltr'><strong>Hilarius</strong></span> <span class='ocrx_word' id='word_1_91' title='bbox 1875 1926 1980 2024; x_wconf 72' lang='lat' dir='ltr'><strong>(a),</strong></span> <span class='ocrx_word' id='word_1_92' title='bbox 2023 1928 2446 2006; x_wconf 87' lang='lat' dir='ltr'><strong>Gaudentius</strong></span> <span class='ocrx_word' id='word_1_93' title='bbox 2491 1927 2750 1999; x_wconf 85' lang='lat' dir='ltr'><strong>Brixia-</strong></span> 
     </span>
     <span class='ocr_line' id='line_1_14' title="bbox 588 2040 2744 2142; baseline -0.001 -25"><span class='ocrx_word' id='word_1_94' title='bbox 588 2067 718 2119; x_wconf 90' lang='lat' dir='ltr'><strong>nus</strong></span> <span class='ocrx_word' id='word_1_95' title='bbox 787 2044 901 2142; x_wconf 82' lang='lat'><strong>(9),</strong></span> <span class='ocrx_word' id='word_1_96' title='bbox 971 2045 1429 2141; x_wconf 86' lang='lat' dir='ltr'><strong>Hieronymus</strong></span> <span class='ocrx_word' id='word_1_97' title='bbox 1492 2044 1642 2139; x_wconf 74' lang='grc' dir='ltr'><strong>(ιο),</strong></span> <span class='ocrx_word' id='word_1_98' title='bbox 1719 2044 2032 2117; x_wconf 89' lang='lat' dir='ltr'><strong>Isidorus</strong></span> <span class='ocrx_word' id='word_1_99' title='bbox 2103 2044 2534 2137; x_wconf 87' lang='lat' dir='ltr'><strong>Hispalensis</strong></span> <span class='ocrx_word' id='word_1_100' title='bbox 2604 2040 2744 2141; x_wconf 76' lang='lat'><strong>(11),</strong></span> 
     </span>
     <span class='ocr_line' id='line_1_15' title="bbox 586 2159 2751 2258; baseline -0.001 -25"><span class='ocrx_word' id='word_1_101' title='bbox 586 2162 905 2235; x_wconf 87' lang='lat' dir='ltr'><strong>Rabanus</strong></span> <span class='ocrx_word' id='word_1_102' title='bbox 966 2161 1240 2233; x_wconf 82' lang='lat' dir='ltr'><strong>Maurus</strong></span> <span class='ocrx_word' id='word_1_103' title='bbox 1299 2159 1437 2258; x_wconf 71' lang='lat'><strong>(12),</strong></span> <span class='ocrx_word' id='word_1_104' title='bbox 1503 2160 1758 2255; x_wconf 88' lang='lat' dir='ltr'><strong>aliique</strong></span> <span class='ocrx_word' id='word_1_105' title='bbox 1818 2160 2270 2233; x_wconf 79' lang='lat' dir='ltr'><strong>recentiores,</strong></span> <span class='ocrx_word' id='word_1_106' title='bbox 2339 2161 2438 2231; x_wconf 87' lang='lat' dir='ltr'><strong>Ex</strong></span> <span class='ocrx_word' id='word_1_107' title='bbox 2500 2160 2751 2254; x_wconf 78' lang='lat' dir='ltr'><strong>graecis</strong></span> 
     </span>
     <span class='ocr_line' id='line_1_16' title="bbox 584 2275 2750 2361; baseline -0.001 -10"><span class='ocrx_word' id='word_1_108' title='bbox 584 2285 806 2351; x_wconf 84' lang='lat' dir='ltr'><strong>autem</strong></span> <span class='ocrx_word' id='word_1_109' title='bbox 877 2277 1358 2361; x_wconf 88' lang='lat' dir='ltr'><strong>consentiunt,</strong></span> <span class='ocrx_word' id='word_1_110' title='bbox 1432 2286 1508 2349; x_wconf 86' lang='lat' dir='ltr'><strong>ut</strong></span> <span class='ocrx_word' id='word_1_111' title='bbox 1578 2284 1868 2349; x_wconf 78' lang='lat' dir='ltr'><strong>caeteros</strong></span> <span class='ocrx_word' id='word_1_112' title='bbox 1947 2277 2204 2348; x_wconf 87' lang='lat' dir='ltr'><strong>mittam</strong></span> <span class='ocrx_word' id='word_1_113' title='bbox 2235 2334 2251 2359; x_wconf 94' lang='lat'><strong>,</strong></span> <span class='ocrx_word' id='word_1_114' title='bbox 2337 2275 2750 2348; x_wconf 88' lang='lat' dir='ltr'><strong>Athanasius</strong></span> 
     </span>
     <span class='ocr_line' id='line_1_17' title="bbox 583 2391 2743 2490; baseline -0.002 -23"><span class='ocrx_word' id='word_1_115' title='bbox 583 2396 871 2490; x_wconf 74' lang='lat' dir='ltr'><strong>Magnus</strong></span> <span class='ocrx_word' id='word_1_116' title='bbox 906 2391 1016 2490; x_wconf 73' lang='lat'>(¹3)</span> <span class='ocrx_word' id='word_1_117' title='bbox 1050 2400 1121 2466; x_wconf 91' lang='lat' dir='ltr'><strong>et</strong></span> <span class='ocrx_word' id='word_1_118' title='bbox 1154 2393 1559 2477; x_wconf 85' lang='lat' dir='ltr'><strong>Germanus,</strong></span> <span class='ocrx_word' id='word_1_119' title='bbox 1605 2392 2410 2485; x_wconf 80' lang='lat' dir='ltr'><strong>constantinopolitanus</strong></span> <span class='ocrx_word' id='word_1_120' title='bbox 2449 2391 2743 2463; x_wconf 86' lang='lat' dir='ltr'><strong>Patriar-</strong></span> 
     </span>
     <span class='ocr_line' id='line_1_18' title="bbox 581 2504 2742 2606; baseline -0.002 -23"><span class='ocrx_word' id='word_1_121' title='bbox 581 2511 707 2583; x_wconf 87' lang='lat' dir='ltr'><strong>cha</strong></span> <span class='ocrx_word' id='word_1_122' title='bbox 740 2504 875 2606; x_wconf 76' lang='lat'><strong>(14),</strong></span> <span class='ocrx_word' id='word_1_123' title='bbox 914 2509 1032 2603; x_wconf 88' lang='lat' dir='ltr'><strong>qui</strong></span> <span class='ocrx_word' id='word_1_124' title='bbox 1068 2508 1304 2604; x_wconf 80' lang='lat' dir='ltr'><strong>Cyrilli</strong></span> <span class='ocrx_word' id='word_1_125' title='bbox 1360 2507 1963 2603; x_wconf 85' lang='lat' dir='ltr'><strong>Hierosolymitani</strong></span> <span class='ocrx_word' id='word_1_126' title='bbox 2000 2516 2070 2579; x_wconf 89' lang='lat' dir='ltr'><strong>et</strong></span> <span class='ocrx_word' id='word_1_127' title='bbox 2106 2506 2462 2600; x_wconf 84' lang='lat' dir='ltr'><strong>Hippolyti</strong></span> <span class='ocrx_word' id='word_1_128' title='bbox 2508 2514 2742 2580; x_wconf 86' lang='lat' dir='ltr'><strong>aucto·</strong></span> 
     </span>
     <span class='ocr_line' id='line_1_19' title="bbox 581 2625 1106 2702; baseline -0.002 -3"><span class='ocrx_word' id='word_1_129' title='bbox 581 2628 851 2702; x_wconf 80' lang='lat' dir='ltr'><strong>ritatem</strong></span> <span class='ocrx_word' id='word_1_130' title='bbox 887 2625 1106 2698; x_wconf 82' lang='lat' dir='ltr'><strong>affert.</strong></span> 
     </span>
    </p>
   </div>
   <div class='ocr_carea' id='block_1_8' title="bbox 576 2888 2744 4126">
    <p class='ocr_par' dir='ltr' id='par_1_8' title="bbox 576 2888 2744 3213">
     <span class='ocr_line' id='line_1_20' title="bbox 643 2888 2744 2971; baseline -0 -17"><span class='ocrx_word' id='word_1_131' title='bbox 643 2901 716 2965; x_wconf 76' lang='lat'><strong>(1)</strong></span> <span class='ocrx_word' id='word_1_132' title='bbox 752 2903 958 2956; x_wconf 81' lang='lat' dir='ltr'><strong>Detota</strong></span> <span class='ocrx_word' id='word_1_133' title='bbox 981 2888 1084 2956; x_wconf 79' lang='lat' dir='ltr'><strong>hae</strong></span> <span class='ocrx_word' id='word_1_134' title='bbox 1104 2900 1409 2971; x_wconf 73' lang='lat' dir='ltr'><strong>quaestione</strong></span> <span class='ocrx_word' id='word_1_135' title='bbox 1429 2901 1643 2956; x_wconf 88' lang='lat' dir='ltr'><strong>consuli</strong></span> <span class='ocrx_word' id='word_1_136' title='bbox 1678 2905 1929 2969; x_wconf 84' lang='lat' dir='ltr'><strong>possunt,</strong></span> <span class='ocrx_word' id='word_1_137' title='bbox 1966 2908 2026 2955; x_wconf 74' lang='lat' dir='ltr'><strong>ut</strong></span> <span class='ocrx_word' id='word_1_138' title='bbox 2061 2901 2201 2956; x_wconf 84' lang='lat' dir='ltr'><strong>alios</strong></span> <span class='ocrx_word' id='word_1_139' title='bbox 2235 2906 2462 2964; x_wconf 81' lang='lat' dir='ltr'><strong>taceam,</strong></span> <span class='ocrx_word' id='word_1_140' title='bbox 2505 2900 2744 2967; x_wconf 81' lang='lat' dir='ltr'><strong>Bergier,</strong></span> 
     </span>
     <span class='ocr_line' id='line_1_21' title="bbox 581 2981 2743 3052; baseline -0.001 -14"><span class='ocrx_word' id='word_1_141' title='bbox 581 2982 952 3038; x_wconf 76' lang='lat' dir='ltr'><strong>motionnaire</strong></span> <span class='ocrx_word' id='word_1_142' title='bbox 973 2986 1038 3038; x_wconf 77' lang='lat' dir='ltr'><strong>de</strong></span> <span class='ocrx_word' id='word_1_143' title='bbox 1062 2984 1367 3052; x_wconf 71' lang='lat' dir='ltr'><strong>Theotoaie,</strong></span> <span class='ocrx_word' id='word_1_144' title='bbox 1387 2983 1454 3038; x_wconf 83' lang='lat' dir='ltr'><strong>ad</strong></span> <span class='ocrx_word' id='word_1_145' title='bbox 1478 2996 1597 3039; x_wconf 84' lang='lat' dir='ltr'><strong>voe.</strong></span> <span class='ocrx_word' id='word_1_146' title='bbox 1618 2986 1853 3048; x_wconf 81' lang='lat' dir='ltr'><strong>monde,</strong></span> <span class='ocrx_word' id='word_1_147' title='bbox 1865 2983 2178 3046; x_wconf 79' lang='lat' dir='ltr'><strong>calmetius,</strong></span> <span class='ocrx_word' id='word_1_148' title='bbox 2196 2982 2574 3038; x_wconf 70' lang='lat' dir='ltr'><strong>Dietionnaire</strong></span> <span class='ocrx_word' id='word_1_149' title='bbox 2597 2983 2665 3035; x_wconf 80' lang='lat' dir='ltr'><strong>ae</strong></span> <span class='ocrx_word' id='word_1_150' title='bbox 2688 2981 2743 3035; x_wconf 80' lang='lat' dir='ltr'><strong>la</strong></span> 
     </span>
     <span class='ocr_line' id='line_1_22' title="bbox 576 3064 2739 3134; baseline -0.001 -13"><span class='ocrx_word' id='word_1_151' title='bbox 576 3064 747 3132; x_wconf 67' lang='lat' dir='ltr'><strong>mate,</strong></span> <span class='ocrx_word' id='word_1_152' title='bbox 791 3066 897 3120; x_wconf 84' lang='lat' dir='ltr'><strong>sub</strong></span> <span class='ocrx_word' id='word_1_153' title='bbox 935 3066 1127 3120; x_wconf 83' lang='lat' dir='ltr'><strong>eodem</strong></span> <span class='ocrx_word' id='word_1_154' title='bbox 1167 3067 1460 3131; x_wconf 83' lang='lat' dir='ltr'><strong>vocabulo;</strong></span> <span class='ocrx_word' id='word_1_155' title='bbox 1499 3078 1614 3134; x_wconf 85' lang='lat' dir='ltr'><strong>prae</strong></span> <span class='ocrx_word' id='word_1_156' title='bbox 1649 3066 1861 3121; x_wconf 83' lang='lat' dir='ltr'><strong>oaeteris</strong></span> <span class='ocrx_word' id='word_1_157' title='bbox 1907 3079 2059 3130; x_wconf 84' lang='lat' dir='ltr'><strong>vero,</strong></span> <span class='ocrx_word' id='word_1_158' title='bbox 2105 3066 2389 3122; x_wconf 80' lang='lat' dir='ltr'><strong>Cornelius</strong></span> <span class='ocrx_word' id='word_1_159' title='bbox 2435 3079 2467 3120; x_wconf 85' lang='lat' dir='ltr'><strong>a</strong></span> <span class='ocrx_word' id='word_1_160' title='bbox 2520 3065 2739 3132; x_wconf 70' lang='lat' dir='ltr'><strong>Lepide,</strong></span> 
     </span>
     <span class='ocr_line' id='line_1_23' title="bbox 577 3143 2112 3213; baseline 0.001 -12"><span class='ocrx_word' id='word_1_161' title='bbox 577 3145 1018 3202; x_wconf 79' lang='lat' dir='ltr'><strong>commentaria</strong></span> <span class='ocrx_word' id='word_1_162' title='bbox 999 3161 1059 3201; x_wconf 83' lang='lat' dir='ltr'><strong>m</strong></span> <span class='ocrx_word' id='word_1_163' title='bbox 1087 3147 1250 3213; x_wconf 81' lang='lat' dir='ltr'><strong>Apoc.</strong></span> <span class='ocrx_word' id='word_1_164' title='bbox 1278 3143 1380 3211; x_wconf 84' lang='grc' dir='ltr'><strong>ΧΧ,</strong></span> <span class='ocrx_word' id='word_1_165' title='bbox 1402 3151 1455 3213; x_wconf 95' lang='grc'><strong>5,</strong></span> <span class='ocrx_word' id='word_1_166' title='bbox 1480 3149 1619 3201; x_wconf 82' lang='lat' dir='ltr'><strong>etin</strong></span> <span class='ocrx_word' id='word_1_167' title='bbox 1644 3146 1795 3202; x_wconf 73' lang='lat' dir='ltr'><strong>Man.</strong></span> <span class='ocrx_word' id='word_1_168' title='bbox 1823 3149 1994 3213; x_wconf 75' lang='lat' dir='ltr'><strong>xxiv,</strong></span> <span class='ocrx_word' id='word_1_169' title='bbox 2023 3150 2112 3203; x_wconf 72' lang='lat'><strong>36.</strong></span> 
     </span>
    </p>

    <p class='ocr_par' dir='ltr' id='par_1_9' title="bbox 641 3230 1297 3299">
     <span class='ocr_line' id='line_1_24' title="bbox 641 3230 1297 3299; baseline 0 -16"><span class='ocrx_word' id='word_1_170' title='bbox 641 3230 716 3294; x_wconf 76' lang='lat'><strong>(2)</strong></span> <span class='ocrx_word' id='word_1_171' title='bbox 749 3232 943 3298; x_wconf 83' lang='lat' dir='ltr'><strong>Supra,</strong></span> <span class='ocrx_word' id='word_1_172' title='bbox 968 3244 1024 3299; x_wconf 90' lang='lat' dir='ltr'><strong>p.</strong></span> <span class='ocrx_word' id='word_1_173' title='bbox 1051 3231 1118 3283; x_wconf 72' lang='lat'><strong>28</strong></span> <span class='ocrx_word' id='word_1_174' title='bbox 1141 3242 1297 3298; x_wconf 86' lang='lat' dir='ltr'><strong>seqq.</strong></span> 
     </span>
    </p>

    <p class='ocr_par' dir='ltr' id='par_1_10' title="bbox 641 3313 1152 3381">
     <span class='ocr_line' id='line_1_25' title="bbox 641 3313 1152 3381; baseline 0 -15"><span class='ocrx_word' id='word_1_175' title='bbox 641 3313 718 3378; x_wconf 82' lang='grc'><strong>(5)</strong></span> <span class='ocrx_word' id='word_1_176' title='bbox 752 3316 954 3381; x_wconf 81' lang='lat' dir='ltr'><strong>Quaest.</strong></span> <span class='ocrx_word' id='word_1_177' title='bbox 983 3315 1152 3368; x_wconf 80' lang='lat' dir='ltr'><strong>Lxxl.</strong></span> 
     </span>
    </p>

    <p class='ocr_par' dir='ltr' id='par_1_11' title="bbox 640 3396 1837 3464">
     <span class='ocr_line' id='line_1_26' title="bbox 640 3396 1837 3464; baseline 0.002 -16"><span class='ocrx_word' id='word_1_178' title='bbox 640 3396 715 3461; x_wconf 79' lang='grc'><strong>(4)</strong></span> <span class='ocrx_word' id='word_1_179' title='bbox 750 3396 892 3450; x_wconf 82' lang='lat' dir='ltr'><strong>Adv.</strong></span> <span class='ocrx_word' id='word_1_180' title='bbox 911 3397 1165 3460; x_wconf 67' lang='lat' dir='ltr'><strong>haerese-5,</strong></span> <span class='ocrx_word' id='word_1_181' title='bbox 1191 3396 1285 3450; x_wconf 84' lang='lat' dir='ltr'><strong>lib.</strong></span> <span class='ocrx_word' id='word_1_182' title='bbox 1314 3399 1374 3461; x_wconf 84' lang='lat' dir='ltr'><strong>v,</strong></span> <span class='ocrx_word' id='word_1_183' title='bbox 1398 3408 1557 3464; x_wconf 83' lang='lat' dir='ltr'><strong>capp.</strong></span> <span class='ocrx_word' id='word_1_184' title='bbox 1582 3397 1649 3451; x_wconf 78' lang='lat'><strong>28</strong></span> <span class='ocrx_word' id='word_1_185' title='bbox 1672 3402 1730 3451; x_wconf 82' lang='lat' dir='ltr'><strong>et</strong></span> <span class='ocrx_word' id='word_1_186' title='bbox 1753 3397 1837 3451; x_wconf 70' lang='lat'><strong>29.</strong></span> 
     </span>
    </p>

    <p class='ocr_par' dir='ltr' id='par_1_12' title="bbox 640 3475 2643 3545">
     <span class='ocr_line' id='line_1_27' title="bbox 640 3475 2643 3545; baseline -0 -12"><span class='ocrx_word' id='word_1_187' title='bbox 640 3475 712 3543; x_wconf 87' lang='grc'><strong>(5)</strong></span> <span class='ocrx_word' id='word_1_188' title='bbox 744 3479 834 3533; x_wconf 75' lang='grc' dir='ltr'><strong>Λα</strong></span> <span class='ocrx_word' id='word_1_189' title='bbox 856 3480 1286 3545; x_wconf 67' lang='lat' dir='ltr'><strong>Demea-ianam,</strong></span> <span class='ocrx_word' id='word_1_190' title='bbox 1314 3480 1375 3534; x_wconf 84' lang='lat' dir='ltr'><strong>it.</strong></span> <span class='ocrx_word' id='word_1_191' title='bbox 1397 3482 1469 3534; x_wconf 82' lang='lat' dir='ltr'><strong>ad</strong></span> <span class='ocrx_word' id='word_1_192' title='bbox 1493 3480 1853 3535; x_wconf 72' lang='lat' dir='ltr'><strong>Fortunatam</strong></span> <span class='ocrx_word' id='word_1_193' title='bbox 1879 3480 1944 3534; x_wconf 81' lang='lat' dir='ltr'><strong>de</strong></span> <span class='ocrx_word' id='word_1_194' title='bbox 1966 3480 2338 3535; x_wconf 77' lang='lat' dir='ltr'><strong>exhortatione</strong></span> <span class='ocrx_word' id='word_1_195' title='bbox 2367 3479 2643 3545; x_wconf 79' lang='lat' dir='ltr'><strong>martyrii.</strong></span> 
     </span>
    </p>

    <p class='ocr_par' dir='ltr' id='par_1_13' title="bbox 640 3561 1271 3627">
     <span class='ocr_line' id='line_1_28' title="bbox 640 3561 1271 3627; baseline 0 -12"><span class='ocrx_word' id='word_1_196' title='bbox 640 3562 714 3626; x_wconf 78' lang='grc'><strong>(6)</strong></span> <span class='ocrx_word' id='word_1_197' title='bbox 745 3561 814 3615; x_wconf 84' lang='lat' dir='ltr'><strong>In</strong></span> <span class='ocrx_word' id='word_1_198' title='bbox 837 3562 1062 3627; x_wconf 78' lang='lat' dir='ltr'><strong>Apocat.</strong></span> <span class='ocrx_word' id='word_1_199' title='bbox 1090 3564 1196 3624; x_wconf 81' lang='lat' dir='ltr'><strong>XX,</strong></span> <span class='ocrx_word' id='word_1_200' title='bbox 1220 3566 1271 3617; x_wconf 85' lang='grc'><strong>5.</strong></span> 
     </span>
    </p>

    <p class='ocr_par' dir='ltr' id='par_1_14' title="bbox 638 3639 1844 3713">
     <span class='ocr_line' id='line_1_29' title="bbox 638 3639 1844 3713; baseline 0.001 -18"><span class='ocrx_word' id='word_1_201' title='bbox 638 3646 712 3709; x_wconf 82' lang='grc'><strong>(7)</strong></span> <span class='ocrx_word' id='word_1_202' title='bbox 743 3639 1079 3698; x_wconf 74' lang='lat' dir='ltr'><strong>Institution.</strong></span> <span class='ocrx_word' id='word_1_203' title='bbox 1106 3645 1279 3699; x_wconf 74' lang='lat' dir='ltr'><strong>divin.</strong></span> <span class='ocrx_word' id='word_1_204' title='bbox 1307 3644 1403 3699; x_wconf 84' lang='lat' dir='ltr'><strong>lib.</strong></span> <span class='ocrx_word' id='word_1_205' title='bbox 1433 3647 1541 3709; x_wconf 71' lang='lat' dir='ltr'><strong>Vll,</strong></span> <span class='ocrx_word' id='word_1_206' title='bbox 1569 3658 1689 3713; x_wconf 88' lang='lat' dir='ltr'><strong>cap.</strong></span> <span class='ocrx_word' id='word_1_207' title='bbox 1717 3648 1844 3699; x_wconf 82' lang='lat' dir='ltr'><strong>xlv.</strong></span> 
     </span>
    </p>

    <p class='ocr_par' dir='ltr' id='par_1_15' title="bbox 636 3727 1564 3792">
     <span class='ocr_line' id='line_1_30' title="bbox 636 3727 1564 3792; baseline 0.002 -13"><span class='ocrx_word' id='word_1_208' title='bbox 636 3727 713 3792; x_wconf 86' lang='lat'><strong>(8)</strong></span> <span class='ocrx_word' id='word_1_209' title='bbox 747 3729 965 3780; x_wconf 88' lang='lat' dir='ltr'><strong>canone</strong></span> <span class='ocrx_word' id='word_1_210' title='bbox 982 3728 1112 3780; x_wconf 83' lang='lat' dir='ltr'><strong>xvss</strong></span> <span class='ocrx_word' id='word_1_211' title='bbox 1136 3728 1195 3780; x_wconf 81' lang='lat' dir='ltr'><strong>in</strong></span> <span class='ocrx_word' id='word_1_212' title='bbox 1220 3727 1564 3783; x_wconf 72' lang='lat' dir='ltr'><strong>Matthoeum</strong></span> 
     </span>
    </p>

    <p class='ocr_par' dir='ltr' id='par_1_16' title="bbox 637 3808 1521 3871">
     <span class='ocr_line' id='line_1_31' title="bbox 637 3808 1521 3871; baseline 0.001 -9"><span class='ocrx_word' id='word_1_213' title='bbox 637 3810 711 3871; x_wconf 86' lang='grc'><strong>(9)</strong></span> <span class='ocrx_word' id='word_1_214' title='bbox 746 3808 1003 3863; x_wconf 78' lang='lat' dir='ltr'><strong>Oratione</strong></span> <span class='ocrx_word' id='word_1_215' title='bbox 1026 3808 1142 3864; x_wconf 86' lang='lat' dir='ltr'><strong>sive</strong></span> <span class='ocrx_word' id='word_1_216' title='bbox 1167 3809 1432 3863; x_wconf 78' lang='lat' dir='ltr'><strong>Tractatu</strong></span> <span class='ocrx_word' id='word_1_217' title='bbox 1453 3811 1521 3864; x_wconf 90' lang='lat' dir='ltr'><strong>X.</strong></span> 
     </span>
    </p>

    <p class='ocr_par' dir='ltr' id='par_1_17' title="bbox 636 3890 2204 3957">
     <span class='ocr_line' id='line_1_32' title="bbox 636 3890 2204 3957; baseline 0.001 -11"><span class='ocrx_word' id='word_1_218' title='bbox 636 3894 740 3956; x_wconf 79' lang='lat'><strong>(¹0)</strong></span> <span class='ocrx_word' id='word_1_219' title='bbox 776 3893 835 3945; x_wconf 88' lang='lat' dir='ltr'><strong>ln</strong></span> <span class='ocrx_word' id='word_1_220' title='bbox 860 3891 1205 3957; x_wconf 76' lang='lat' dir='ltr'><strong>Expositione</strong></span> <span class='ocrx_word' id='word_1_221' title='bbox 1227 3895 1420 3955; x_wconf 73' lang='lat' dir='ltr'><strong>psalm.</strong></span> <span class='ocrx_word' id='word_1_222' title='bbox 1454 3891 1722 3946; x_wconf 81' lang='lat' dir='ltr'><em>LXXXIX</em></span> <span class='ocrx_word' id='word_1_223' title='bbox 1741 3894 1812 3944; x_wconf 83' lang='lat' dir='ltr'><strong>ad</strong></span> <span class='ocrx_word' id='word_1_224' title='bbox 1839 3890 2204 3956; x_wconf 78' lang='lat' dir='ltr'><strong>cyprianum</strong></span> 
     </span>
    </p>

    <p class='ocr_par' dir='ltr' id='par_1_18' title="bbox 633 3976 1688 4039">
     <span class='ocr_line' id='line_1_33' title="bbox 633 3976 1688 4039; baseline 0.002 -11"><span class='ocrx_word' id='word_1_225' title='bbox 633 3979 740 4039; x_wconf 82' lang='grc' dir='ltr'><strong>(Η)</strong></span> <span class='ocrx_word' id='word_1_226' title='bbox 775 3976 1072 4031; x_wconf 77' lang='lat' dir='ltr'><strong>Comment-</strong></span> <span class='ocrx_word' id='word_1_227' title='bbox 1096 3977 1152 4029; x_wconf 83' lang='lat' dir='ltr'><strong>in</strong></span> <span class='ocrx_word' id='word_1_228' title='bbox 1178 3988 1299 4039; x_wconf 77' lang='lat' dir='ltr'><strong>cap.</strong></span> <span class='ocrx_word' id='word_1_229' title='bbox 1329 3976 1377 4027; x_wconf 86' lang='lat' dir='ltr'><em>V</em></span> <span class='ocrx_word' id='word_1_230' title='bbox 1404 3976 1688 4031; x_wconf 67' lang='lat' dir='ltr'><strong>GeneseoS.</strong></span> 
     </span>
    </p>

    <p class='ocr_par' dir='ltr' id='par_1_19' title="bbox 634 4057 1636 4126">
     <span class='ocr_line' id='line_1_34' title="bbox 634 4057 1636 4126; baseline 0.002 -15"><span class='ocrx_word' id='word_1_231' title='bbox 634 4058 743 4126; x_wconf 76' lang='lat'><strong>(12)</strong></span> <span class='ocrx_word' id='word_1_232' title='bbox 776 4057 841 4111; x_wconf 91' lang='lat' dir='ltr'><strong>In</strong></span> <span class='ocrx_word' id='word_1_233' title='bbox 866 4058 1182 4122; x_wconf 60' lang='lat' dir='ltr'><strong>Deuteron„</strong></span> <span class='ocrx_word' id='word_1_234' title='bbox 1206 4057 1302 4111; x_wconf 87' lang='lat' dir='ltr'><strong>lib.</strong></span> <span class='ocrx_word' id='word_1_235' title='bbox 1334 4058 1375 4121; x_wconf 89' lang='grc'><strong>1,</strong></span> <span class='ocrx_word' id='word_1_236' title='bbox 1400 4070 1520 4125; x_wconf 88' lang='lat' dir='ltr'><strong>cap.</strong></span> <span class='ocrx_word' id='word_1_237' title='bbox 1549 4061 1636 4114; x_wconf 76' lang='lat'><strong>¹1.</strong></span> 
     </span>
    </p>
   </div>
   <div class='ocr_carea' id='block_1_9' title="bbox 635 4141 1955 4288">
    <p class='ocr_par' dir='ltr' id='par_1_20' title="bbox 635 4141 1955 4288">
     <span class='ocr_line' id='line_1_35' title="bbox 635 4141 1189 4207; baseline 0.002 -14"><span class='ocrx_word' id='word_1_238' title='bbox 635 4142 743 4206; x_wconf 73' lang='grc'><strong>(15)</strong></span> <span class='ocrx_word' id='word_1_239' title='bbox 774 4141 842 4195; x_wconf 87' lang='lat' dir='ltr'><strong>In</strong></span> <span class='ocrx_word' id='word_1_240' title='bbox 864 4144 1059 4207; x_wconf 71' lang='lat' dir='ltr'><strong>psalm.</strong></span> <span class='ocrx_word' id='word_1_241' title='bbox 1091 4142 1189 4196; x_wconf 83' lang='lat' dir='ltr'><strong>VI.</strong></span> 
     </span>
     <span class='ocr_line' id='line_1_36' title="bbox 635 4222 1955 4288; baseline 0.002 -13"><span class='ocrx_word' id='word_1_242' title='bbox 635 4225 741 4288; x_wconf 77' lang='grc'><strong>(14)</strong></span> <span class='ocrx_word' id='word_1_243' title='bbox 774 4222 892 4277; x_wconf 74' lang='lat' dir='ltr'><strong>Lib.</strong></span> <span class='ocrx_word' id='word_1_244' title='bbox 919 4226 983 4276; x_wconf 81' lang='lat' dir='ltr'><strong>de</strong></span> <span class='ocrx_word' id='word_1_245' title='bbox 1010 4223 1215 4278; x_wconf 75' lang='lat' dir='ltr'><strong>theoria</strong></span> <span class='ocrx_word' id='word_1_246' title='bbox 1239 4237 1422 4278; x_wconf 79' lang='lat' dir='ltr'><strong>rerum</strong></span> <span class='ocrx_word' id='word_1_247' title='bbox 1449 4225 1955 4279; x_wconf 79' lang='lat' dir='ltr'><strong>ecclesiasticarum.</strong></span> 
     </span>
    </p>
   </div>
   <div class='ocr_carea' id='block_1_10' title="bbox 3156 1742 3174 2689">
    <p class='ocr_par' dir='ltr' id='par_1_21' title="bbox 3156 1742 3174 2689">
     <span class='ocr_line' id='line_1_37' title="bbox 3156 1742 3174 2689; baseline 0 0"><span class='ocrx_word' id='word_1_248' title='bbox 3156 1742 3174 2689; x_wconf 95' lang='lat' dir='ltr'><strong> </strong></span> 
     </span>
    </p>
   </div>
   <div class='ocr_carea' id='block_1_11' title="bbox 3147 3064 3175 5036">
    <p class='ocr_par' dir='ltr' id='par_1_22' title="bbox 3147 3064 3175 5036">
     <span class='ocr_line' id='line_1_38' title="bbox 3147 3064 3175 5036; baseline 0 0"><span class='ocrx_word' id='word_1_249' title='bbox 3147 3064 3175 5036; x_wconf 95' lang='lat' dir='ltr'><strong> </strong></span> 
     </span>
    </p>
   </div>
  </div>
 </body>
</html>
