3175 5084
1216 456 1665 538 7191-

707 889 726 922 x
921 791 1001 863 A.
1065 813 1153 863 os·
1196 813 1582 865 Ancunsuns
1635 815 1962 867 sxrsnms.

451 1012 863 1086 Antonellus
896 1015 982 1085 ab
1017 1015 1443 1108 argumentis
1478 1015 1749 1088 orditur
1778 1020 2113 1103 extemis,
2157 1017 2338 1089 inter
2371 1037 2525 1109 quae

350 1134 584 1226 primo
619 1132 776 1206 loco
811 1132 1012 1204 nobis
1048 1140 1419 1205 occurrunt
1456 1160 1491 1199 «
1527 1131 1977 1206 Armenorum
2017 1134 2331 1207 codicum
2367 1154 2529 1206 con-

352 1270 638 1332 sensus,
687 1275 723 1313 >³
787 1247 1088 1341 itemque
1153 1276 1189 1313 ει
1232 1245 1560 1322 constans
1630 1257 1700 1320 et
1765 1259 1966 1322 vetus
2037 1250 2215 1342 apud
2286 1269 2529 1321 omnes

353 1363 700 1437 Armenos
749 1363 1027 1437 traditio
1063 1385 1143 1437 ac
1176 1365 1536 1458 persuasio
1570 1362 1671 1462 (ι).
1713 1394 1749 1430 n
1803 1367 1891 1437 Et
1941 1386 2107 1438 sane
2159 1365 2306 1437 haec
2359 1364 2524 1447 duo,

355 1505 518 1578 quae
553 1504 590 1554 a
625 1484 773 1555 viro
825 1482 1034 1555 docto
1081 1484 1485 1578 allegantur,
1531 1484 1624 1555 ita
1678 1504 1923 1577 reapse
1960 1505 2036 1556 se
2073 1484 2350 1563 habere,
2393 1501 2529 1554 non

274 1680 282 1687 ,
357 1605 471 1671 est
507 1597 708 1670 nobis
743 1619 867 1671 cur
901 1618 1258 1691 negemus.
1300 1597 1428 1670 Ast
1480 1599 1881 1692 sequiturne
1937 1598 2137 1671 fidem
2194 1599 2311 1670 tali
2366 1617 2530 1669 con·

359 1713 602 1785 sensui
663 1733 741 1785 ac
798 1713 1235 1806 persuasioni
1297 1715 1630 1787 continuo
1692 1713 2191 1786 adhibendam?
2252 1712 2534 1783 Minime

358 1825 551 1900 vero.
613 1828 779 1899 Utut
838 1828 1021 1899 enim
1072 1828 1301 1900 fucum
1355 1829 1488 1901 ista
1539 1829 1765 1902 facere
1816 1829 2169 1922 potuerint
2222 1837 2533 1920 tempore

360 1941 736 2025 Antonelli‚
775 1943 963 2015 edito
989 1943 1125 2034 jam
1181 1944 1599 2037 primigenio
1647 1945 2107 2033 Epistolarum
2163 1950 2372 2027 textu,
2415 1942 2534 2031 qui

362 2059 726 2143 manifesta
761 2059 1060 2133 indubiae
1096 2061 1522 2134 auctoritatis
1560 2061 1815 2133 indicia
1848 2083 1992 2154 prae
2029 2081 2106 2132 se
2142 2060 2275 2132 fert
2311 2067 2379 2130 et
2415 2059 2531 2152 qui

363 2175 503 2247 sibi
542 2176 931 2269 Sapientem
968 2176 1247 2247 Persam
1284 2175 1712 2248 conditorem
1750 2196 1908 2248 esse
1943 2185 2148 2271 atque
2182 2185 2534 2268 parentem

361 2290 623 2384 ubique
658 2292 924 2375 clamat,
962 2311 1166 2363 nemo
1219 2312 1406 2363 sanae
1457 2292 1708 2363 mentis
1761 2293 2148 2385 oppositam
2202 2290 2535 2364 Armeno-

361 2431 519 2481 rum
571 2408 1136 2490 documentorum
1186 2409 1294 2481 vel
1344 2406 1761 2500 scriptorum
1815 2408 2210 2502 opinionem
2270 2408 2538 2480 curabit

362 2526 511 2599 ullo
575 2525 803 2597 modo.
864 2524 1242 2597 Dicendum
1304 2525 1540 2620 igitur,
1609 2548 1845 2619 quum,
1905 2526 2154 2597 latente
2215 2524 2536 2618 originali

362 2641 734 2736 Aphraatis
768 2651 981 2728 textu,
1018 2644 1166 2716 sola
1200 2642 1611 2735 exemplaria
1637 2640 2040 2713 Armeniaca
2075 2651 2233 2712 nota
2268 2648 2529 2718 essent.

365 2758 538 2829 illud
575 2758 919 2844 Armenis.
959 2759 1148 2853 genti
1183 2758 1268 2829 ad
1306 2757 1568 2830 fabulas
1606 2758 1764 2851 plus
1800 2777 2026 2851 aequ0,
2061 2756 2265 2828 sicuti
2296 2776 2537 2827 omnes

365 2883 650 2959 norunt,
707 2894 1101 2967 propensae,
1159 2873 1524 2961 accidisse,
1583 2873 1768 2966 quod
1823 2893 1960 2945 non
2014 2892 2170 2943 raro
2229 2872 2296 2942 in
2352 2871 2536 2963 ejus·

368 2990 557 3061 modi
608 2988 947 3082 adjunctis
1002 3010 1130 3061 usu
1182 2990 1394 3073 venit,
1443 2998 1520 3061 ut
1571 2988 1890 3060 nimirum
1946 2986 2352 3072 sententiam
2402 2984 2537 3057 sibi

367 3112 630 3199 gratam
668 3127 947 3199 suaeque
982 3105 1173 3200 genti
1205 3105 1582 3200 gloriosam
1631 3104 1828 3177 avide
1864 3103 2436 3195 amplecterentur
2469 3108 2540 3173 et

370 3223 684 3296 studiose
720 3233 1259 3317 propugnarent.
1324 3224 1469 3309 Qua
1502 3222 1589 3295 de
1627 3242 1700 3292 re
1737 3242 1858 3292 eos
1895 3218 2216 3294 credulos
2257 3217 2537 3289 nimium

372 3359 503 3411 nec
535 3327 783 3411 solidis
813 3336 1191 3410 rationibus
1226 3336 1473 3409 ductos
1509 3336 1728 3408 fui‘sse
1781 3334 1889 3408 vel
1940 3333 2187 3406 exinde
2223 3340 2532 3427 apparet,

369 3452 557 3546 quod
595 3453 800 3552 simul
850 3461 1243 3526 assererent
1290 3452 1623 3523 Homilias
1672 3449 1757 3521 ad
1811 3449 1883 3522 S.
1929 3447 2336 3541 Gregorium
2374 3447 2537 3522 Illu-

375 3570 778 3641 minatorem
815 3569 1111 3641 directas
1148 3588 1339 3651 esse3
1395 3567 1512 3661 qui
1565 3575 1819 3649 tamen,
1875 3585 2053 3636 anno
2107 3562 2278 3649 336,
2329 3584 2536 3656 quum

375 3683 613 3756 decem
650 3684 919 3777 priores
950 3686 1263 3774 Epi-stolae
1296 3682 1931 3769 conscriberentur,
1957 3679 2096 3770 jam
2132 3687 2287 3751 ante
2324 3699 2538 3749 annos

378 3808 668 3891 quatuor
701 3808 1012 3872 mortuus
1048 3809 1192 3871 erat
1225 3796 1324 3896 (a).

477 3912 578 3986 Ad
616 3935 695 3987 ea
726 3936 888 3988 vero
924 3936 1105 4007 quae,
1148 3925 1221 3986 ut
1256 3914 1392 3986 duo
1430 3922 1829 4006 argumenta
1864 3934 1902 3983 a
1937 3910 2134 3983 nobis
2189 3910 2545 4000 hucusque

444 4179 521 4241 (1)
557 4177 718 4241 1bid.,
743 4191 798 4244 p.
825 4179 875 4230 2.

450 4260 522 4324 (2)
558 4262 636 4313 lta
660 4260 894 4323 Sassina,
921 4272 1006 4323 op.
1034 4260 1104 4311 cit
1130 4295 1145 4320 ‚
1174 4272 1226 4324 p.
1254 4260 1303 4311 9.

177 4973 232 4998 “Ji'-
337 4967 346 4972 ““
401 4967 414 4972 ’

117 5013 136 5024 fl.
303 5011 364 5030 ‘r'
421 5013 428 5018 .

131 4993 346 5057 'ffl—
547 5035 554 5042 s
