3175 5084
109 29 122 42 ι
175 19 410 64 '’nnn-,0152
479 51 526 64 aab
794 63 798 70 .
928 49 932 58 ⁵

155 81 182 94 11
243 69 288 92 ιδ’
539 91 544 98 ¹
589 67 598 76 ³
805 65 832 84 ῐ».

669 199 676 214 9

724 233 728 244 ι

11 284 12 304 i

11 369 14 386 i

1269 476 1717 550 —201÷-

513 667 723 754 Quam
760 673 1017 739 temere
1052 687 1131 737 ac
1165 686 1523 759 perperam
1561 664 1771 737 multa
1823 664 1889 735 in
1945 664 2140 738 hisce
2186 664 2574 738 effutiantur

408 782 591 853 haud
649 780 907 853 difficili
973 780 1252 876 negotio
1312 780 1586 853 ostendi
1660 787 1917 874 potest.
1984 779 2087 851 Ad
2151 780 2573 854 Gennadium

407 897 598 994 ‹iuod
629 897 896 982 attinet,
937 920 1143 991 supr-a
1186 896 1483 971 vidimus
1520 896 1668 989 eJus
1715 897 2187 971 auctoritatem
2231 917 2369 969 non
2405 898 2573 971 tanti

407 1016 787 1088 faciendam
856 1035 1043 1100 esse,
1108 1022 1181 1087 ut
1248 1014 1408 1087 huic
1465 1015 1865 1088 necessario
1926 1022 2107 1089 stare
2171 1012 2566 1088 debeamus,

411 1130 746 1203 Caeterum
806 1129 1297 1223 inscriptiones
1350 1132 1802 1202 Humiliarum
1863 1131 1947 1203 ab
2002 1151 2085 1203 eo
2146 1130 2215 1202 in
2278 1129 2573 1203 medium

408 1247 694 1341 prolatae
765 1266 1074 1340 magnam
1142 1254 1403 1339 partem
1474 1246 1756 1318 nimium
1837 1245 2214 1329 univcrsae,
2304 1255 2573 1339 tamque

411 1364 746 1437 intricatae
781 1371 966 1449 sunt,
1010 1372 1078 1435 ut
1115 1366 1498 1436 Sermonem
1530 1364 1618 1437 de
1652 1385 1790 1457 quo
1843 1363 2309 1435 controversia
2343 1383 2571 1435 move-

411 1490 527 1554 tur
586 1480 764 1574 apud
835 1501 987 1553 eum
1058 1480 1575 1553 commemorari
1639 1501 1858 1574 neque
1918 1479 2285 1563 affirmare,
2351 1501 2572 1573 neque

410 1619 664 1693 negare
699 1598 924 1671 liceat.
970 1598 1099 1686 Qui
1135 1599 1318 1671 enim
1374 1599 1459 1671 de
1515 1599 1623 1671 his
1677 1598 1959 1694 scriptis
2003 1620 2082 1673 ea
2117 1608 2373 1671 tantum
2409 1620 2568 1692 pos·

410 1715 580 1787 teris
622 1714 906 1787 tradidit
954 1736 1108 1807 quae
1159 1734 1242 1787 ex
1294 1715 1578 1787 aliorum
1632 1715 1960 1788 relatione
2012 1725 2392 1808 acceperat,
2454 1716 2572 1809 qui

409 1831 650 1902 titulos
720 1830 977 1923 passim
1049 1832 1393 1923 corrupit,
1467 1830 1584 1923 qui
1654 1831 1853 1903 etiam
1924 1851 2132 1903 unum
2201 1832 2573 1904 alterumve

411 1948 819 2030 Sermonem,
887 1946 1082 2039 quasi
1144 1945 1213 2015 in
1280 1945 1456 2018 duos
1504 1946 1827 2031 divisum,
1887 1946 1995 2017 bis
2048 1949 2395 2019 recensuit
2455 1944 2565 2045 (1);

411 2082 638 2132 nonne
674 2060 896 2152 potuit
931 2069 998 2133 et
1034 2060 1231 2153 hujus
1263 2063 1571 2134 Homiliae
1598 2062 2114 2156 inscriptionem
2143 2063 2249 2135 vel
2286 2072 2568 2145 mutare,

408 2175 520 2247 vel
578 2175 691 2245 alii
752 2175 1148 2269 adjungere,
1214 2185 1289 2248 ut
1347 2177 2067 2270 comprehenderetur,
2137 2199 2200 2249 e.
2267 2200 2372 2272 g.‚
2448 2180 2570 2250 hac

413 2295 892 2389 designatione
935 2320 949 2367 :
996 2299 1088 2367 De
1122 2297 1478 2369 dilectione
1521 2299 1803 2388 speciali
1838 2319 1999 2388 crya
2027 2300 2417 2387 proximum
2454 2297 2571 2389 (ΞΥ.)

513 2413 565 2480 Ε
602 2411 834 2483 verbis
871 2411 1118 2484 deinde
1172 2435 1325 2505 quae
1361 2413 1592 2485 scriba
1640 2435 2017 2508 anonymus
2070 2414 2282 2486 textui
2335 2412 2571 2486 Arme-

413 2529 609 2599 niaco
652 2529 961 2600 Homilioe
1009 2528 1345 2621 praemisit
1399 2529 1585 2601 nullo
1641 2529 1845 2602 modo
1898 2530 2234 2623 sequitur,
2294 2530 2571 2601 dubium

413 2664 565 2715 eum
607 2643 821 2714 fuisse
856 2650 1082 2714 utrum
1135 2665 1172 2714 a
1213 2644 1498 2728 Jacohc,
1541 2666 1623 2716 an
1679 2645 1762 2715 ab
1817 2645 1951 2717 alic
2005 2645 2097 2717 sit
2148 2645 2564 2738 conscripta.

416 2763 512 2831 Ita
548 2760 804 2854 quippe
845 2760 1163 2831 librarius
1202 2762 1315 2831 ille
1351 2759 1427 2856 (3)
1472 2786 1486 2833 :
1534 2790 1569 2825 «
1607 2762 1917 2834 Prudens
1955 2762 2202 2834 lector!
2265 2762 2573 2855 quamvis

414 2876 525 2947 hic
581 2879 828 2948 Sermo*
859 2875 977 2969 qui
1031 2877 1343 2969 sequitur
1397 2898 1533 2948 non
1585 2877 1679 2949 sit
1727 2877 2029 2970 scriptus
2077 2878 2161 2948 ad
2211 2880 2572 2949 Illumina-

414 3004 621 3065 torem
659 3000 995 3076 nostrum,
1039 3001 1263 3064 tamen
1317 2994 1475 3086 quia
1527 3003 1627 3067 est
1679 2981 1906 3066 Sermo
1959 2995 2185 3088 magni
2238 2994 2391 3077 viri,
2435 3016 2572 3065 non

411 3110 675 3180 aestimo
712 3129 870 3180 esse
909 3108 1171 3192 inutile,
1216 3110 1277 3180 si
1330 3109 1783 3203 subjungatur
1832 3120 1992 3203 post
2034 3112 2370 3201 Epistola-5
2404 3132 2572 3203 quas

411 3224 494 3295 ad
556 3223 1134 3317 interrogationes
1199 3225 1270 3296 S.
1341 3224 1828 3297 Illuminatoris
1889 3226 2109 3298 nostri
2175 3225 2567 3319 rescripsit,

413 3362 619 3433 quum
659 3340 867 3410 multa
901 3338 984 3408 ad
1022 3337 1541 3410 aedificationem
1581 3348 1881 3412 nostram
1920 3340 1988 3409 in
2027 3361 2102 3412 se
2138 3341 2569 3413 contineat.»

415 3456 591 3543 Quid
629 3465 832 3548 negat
886 3456 1128 3526 horum
1182 3454 1546 3527 verborum
1601 3465 1838 3528 auctor
1892 3457 1975 3528 de
2026 3459 2318 3528 Homilia
2370 3481 2568 3551 quam

411 3594 552 3666 prae
592 3571 812 3643 oculis
852 3571 1095 3642 habet?
1132 3570 1469 3663 Scriptam
1502 3591 1646 3642 eam
1677 3592 1833 3643 esse
1861 3594 1898 3643 a
1922 3572 2177 3644 Jaccbo
2206 3574 2573 3646 Nisibeno?

410 3691 496 3761 At
531 3688 803 3761 ubinam
841 3687 1044 3777 hujus
1079 3687 1463 3779 negationis
1499 3688 1608 3759 vel
1640 3689 1789 3761 leve
1826 3689 2190 3782 vestigium
2226 3691 2573 3784 reperies?

410 3806 632 3877 Unum
668 3803 986 3875 nimirum
1015 3804 1365 3885 infitiatur,
1396 3807 1765 3895 Epi-stolam
1803 3806 2001 3877 istam
2038 3805 2122 3877 ad
2161 3803 2570 3901 Gregorium

473 4059 545 4121 (1)
584 4056 837 4123 Exempla
861 4056 1278 4123 suppeditantur
1300 4069 1485 4124 supra,
1511 4072 1567 4124 p.
1596 4059 1709 4111 150.

474 4146 548 4208 (Ξ)
582 4147 714 4196 cum
736 4141 978 4195 Romilia
1005 4140 1258 4195 universa
1294 4148 1540 4196 versetur
1572 4143 1629 4195 in
1665 4141 1928 4196 charitate
1966 4148 2154 4196 mutua
2192 4148 2246 4196 et
2279 4142 2570 4197 concordia

410 4227 750 4288 inculcanda,
775 4225 845 4278 de
865 4225 1156 4280 dilectione
1179 4225 1410 4292 proximi
1435 4227 1748 4294 expressius
1788 4226 1967 4295 agitur
2002 4226 2230 4293 passim,
2257 4240 2306 4280 e.
2332 4241 2409 4295 g„
2433 4227 2458 4291 ἓ
2487 4229 2566 4281 1⁰.

476 4314 549 4377 (3)
584 4317 681 4379 Ap.
709 4314 931 4376 Anton„
956 4325 1041 4377 op.
1069 4312 1182 4376 cit„
1207 4326 1260 4378 p.
1283 4312 1400 4366 420.
