3175 5084
44 4802 63 4835 (μ
44 3884 63 4789 --“--·-“·---“Ι-“““““-““““-

1219 450 1628 525 ...67-

333 637 514 730 ginti
568 638 744 711 duos
795 639 1048 732 scripsi
1095 638 1287 732 juxta
1337 640 1583 739 viginti
1637 642 1774 712 duo
1835 641 2211 714 litterarum
2271 642 2492 735 signa.

334 753 620 826 Priores
673 754 912 827 decem
945 777 1124 828 anno
1161 756 1663 829 sexcentesimo
1700 756 2224 851 quadragesimo
2260 764 2501 831 octavo

332 871 535 963 regni
571 869 965 955 Alexandri,
1009 870 1131 941 filii
1168 870 1469 965 Philippi
1505 871 1926 959 MacedoniS,
1968 871 2258 958 exaravi,
2299 881 2507 966 prout

332 1008 370 1055 a
422 985 559 1055 fine
595 1006 834 1058 eorum
871 985 1203 1078 scriptum
1233 994 1375 1069 est;
1411 985 1773 1058 duodecim
1809 1007 1970 1059 vero
1999 987 2501 1080 subsequentes

334 1094 699 1194 composui
769 1121 947 1172 anno
1017 1101 1517 1173 sexcentesimo
1604 1103 2174 1196 quinquagesimo
2262 1103 2502 1196 quinto

333 1216 535 1310 regni
573 1216 966 1288 Graecorum
991 1224 1059 1288 et
1083 1217 1572 1300 Romanorum,
1608 1218 1675 1287 id
1706 1226 1837 1302 est,
1871 1217 2068 1311 regni
2104 1216 2498 1303 Alexandri,

332 1353 515 1403 anno
567 1339 793 1403 autem
848 1331 1207 1425 trigesimo
1269 1332 1509 1424 quinto
1567 1333 1755 1427 regis
1816 1333 2203 1405 Persarum.
2246 1360 2281 1397 »
2335 1334 2503 1404 Item

334 1450 819 1521 Dissertationi
870 1449 951 1519 de
1004 1451 1200 1520 acino
1251 1468 1649 1540 expressam
1707 1447 1988 1540 subjicit
2037 1446 2222 1530 anni,
2264 1446 2400 1519 imo
2439 1457 2506 1519 et

335 1564 599 1637 mensis
650 1563 1053 1657 scriptionis
1089 1563 1594 1635 annotationem
1631 1560 1707 1661 (1)
1751 1588 1764 1634 ε
1812 1590 1848 1627 «
1879 1565 2247 1652 Epistulam
2299 1563 2501 1647 hanc,

334 1680 455 1764 ait,
498 1678 581 1750 ad
632 1687 702 1750 te
760 1679 1171 1761 scribebam,
1214 1678 1428 1751 amice
1465 1678 1585 1764 mi,
1631 1700 1863 1751 mense
1901 1679 2211 1771 Augusto
2247 1674 2394 1774 (Ab)
2432 1675 2507 1775 (2)

335 1794 496 1893 anni
533 1792 1016 1867 sexcentesimi
1054 1793 1606 1888 quinquagesimi
1653 1792 1827 1865 sexti
1874 1792 2070 1887 regni
2112 1792 2503 1876 Alexandri,

337 1910 461 1981 filii
529 1908 829 2002 Philippi
894 1909 1312 1994 MacedoniS,
1380 1932 1558 1982 anno
1608 1919 1831 1981 autem
1892 1909 2251 2002 trigesimo
2316 1917 2509 1982 sexto

338 2024 648 2119 Saporis,
693 2024 880 2119 regis
916 2026 1308 2097 Persarum.
1359 2055 1394 2090 >2

434 2141 673 2226 Vides,
705 2149 778 2212 ut
813 2161 957 2212 rem
993 2141 1230 2233 paucis
1269 2142 1773 2225 contrahamuS,
1808 2140 2214 2233 Aphraatem
2243 2144 2509 2212 Disser-

338 2260 626 2329 tationes
661 2278 823 2330 suas
868 2256 1086 2328 amico
1137 2256 1417 2327 dedisse
1472 2255 1671 2327 annis
1723 2254 2113 2328 Graecorum
2152 2252 2322 2340 648,
2366 2255 2508 2327 655

338 2383 405 2446 et
440 2372 624 2456 656;
660 2393 862 2465 quos,
905 2372 966 2443 si
999 2372 1197 2444 annis
1226 2393 1381 2445 aerae
1418 2372 1856 2466 Dionysianae
1885 2373 2266 2466 exprimere
2303 2375 2503 2460 veliS,

337 2491 577 2562 decem
615 2488 885 2581 priores
943 2489 1253 2560 Homilioe
1310 2489 1392 2559 ad
1456 2511 1705 2560 annum
1746 2487 2101 2574 336-337,
2144 2488 2506 2563 duodecim

337 2626 492 2697 quae
541 2612 927 2696 sequuntur
984 2603 1067 2672 ad
1132 2623 1378 2674 annum
1418 2601 1775 2688 343-344,
1819 2603 2056 2676 ultima
2088 2605 2386 2698 denique
2421 2605 2506 2676 ad

338 2741 589 2791 annum
627 2717 770 2790 345
807 2718 1164 2790 referenda
1206 2719 1362 2790 erit.
1405 2719 1574 2791 Cum
1612 2726 1836 2791 autem
1891 2740 1973 2790 eo
2024 2726 2334 2812 tempore
2370 2741 2507 2813 quo

341 2835 601 2928 scripta
660 2856 782 2906 sua
837 2833 1132 2906 exaravit
1182 2841 1443 2917 auctor,
1477 2833 1616 2926 jam
1669 2833 1774 2905 vir
1821 2840 2031 2923 esset,
2082 2841 2159 2905 ut
2208 2833 2502 2919 videtur,

341 2950 801 3023 corroboratae
867 2949 1128 3034 aetatiS,
1185 2950 1343 3041 Jure
1397 2948 1641 3021 merito
1703 2948 1862 3020 inde
1923 2949 2290 3042 collegeris
2350 2971 2504 3021 eum

341 3066 523 3136 circa
556 3086 807 3136 annum
859 3061 1002 3135 280
1038 3061 1141 3162 (3),
1181 3065 1289 3136 vel
1328 3085 1461 3136 non
1500 3064 1713 3135 multo
1767 3071 1952 3156 post,
1996 3070 2064 3134 et
2112 3071 2299 3136 certe
2349 3073 2503 3136 ante

343 3178 607 3250 initium
636 3179 871 3250 saeculi
903 3180 988 3252 IV
1016 3178 1085 3249 in
1116 3180 1335 3250 lucem
1372 3178 1630 3250 editum
1667 3199 1848 3250 esse.
1883 3178 2050 3248 Nam
2080 3185 2149 3249 et
2173 3198 2502 3249 summam

341 3315 481 3385 prae
518 3315 596 3366 se
631 3294 764 3365 fert
800 3295 1155 3366 sacrarum
1192 3294 1601 3369 Litterarum
1640 3292 2021 3378 scientiam,
2061 3313 2260 3385 quam
2296 3293 2506 3365 altera

341 3408 571 3500 operis
610 3408 829 3480 nostri
865 3416 1056 3501 parte
1092 3408 1313 3481 fusius
1351 3429 1807 3501 exponemus;
1842 3415 1909 3480 et
1938 3407 2338 3480 auctoritate
2365 3429 2500 3480 non

409 3713 476 3775 (l)
514 3712 612 3765 Ed.
640 3712 973 3781 Wright.,p.
1011 3717 1180 3787 1-022
1217 3747 1232 3761 .

409 3795 480 3860 (Ξ)
514 3798 774 3862 Syrorum
800 3810 1037 3862 menses,
1078 3799 1297 3855 lunares
1327 3813 1452 3855 cum
1494 3801 1625 3866 sint,
1671 3799 1988 3869 nominihus
2020 3800 2165 3873 apud
2207 3820 2310 3863 nos
2348 3806 2506 3878 vulgo

345 3879 638 3944 usurpatis,
657 3879 990 3935 adamussim
1015 3884 1243 3949 exprimi
1280 3890 1575 3952 nequeunt.
1605 3886 1892 3943 Brevitatis
1935 3892 2113 3943 tamen
2145 3900 2329 3954 causa,
2357 3892 2505 3944 inva-

346 3956 444 4010 luit
485 3973 619 4014 usus
664 3965 724 4014 ut
763 3962 961 4031 singuli
1004 3964 1237 4033 singulis
1285 3967 1567 4021 mensibus
1606 3969 1876 4023 solaribus
1916 3970 2396 4052 quibusomaxima
2441 3986 2505 4026 ex

346 4063 492 4121 parte
509 4059 844 4124 respondent
863 4061 1346 4129 aequipararentur.
1371 4067 1443 4117 Ex
1464 4066 1564 4119 hac
1586 4078 1777 4121 norma
1797 4068 2005 4121 mensis
2035 4057 2135 4129 ml
2163 4112 2180 4139 ,
2214 4071 2309 4135 qui
2323 4086 2361 4124 a
2385 4085 2508 4124 neo·

346 4140 522 4193 menia
545 4140 787 4207 Auyusci
817 4143 1028 4209 incipit,
1048 4149 1322 4213 Augustus
1346 4147 1513 4200 latine
1535 4150 1796 4215 appellari
1822 4151 2122 4207 consuevit.

415 4223 482 4284 (ὅ)
520 4225 597 4274 lta
625 4223 861 4288 Sassius,
889 4224 1103 4292 Proteo.
1132 4228 1188 4279 iu
1219 4228 1522 4294 Aptzraaets
1542 4245 1817 4286 sermones
1841 4233 2106 4301 uomicae„
2131 4249 2189 4301 p.
2217 4238 2263 4285 7.
