3175 5084
1243 504 1691 572 -213-

390 694 777 789 virginibus
835 692 1215 788 aequalibus
1242 750 1259 776 ,
1329 699 1399 764 et
1460 691 1619 765 ideo
1681 692 1932 764 solium
2003 690 2261 786 reginae
2321 692 2555 765 Vasthi

393 815 867 903 occupaverat.
924 806 1395 881 Mardochaeus
1451 807 1683 900 itaque
1734 805 2000 880 foribus
2060 807 2248 902 regis
2296 807 2559 901 primus
2608 883 2611 890 ,

396 924 704 1020 quotidie
738 923 1110 998 assidebat.
1152 921 1365 995 Aman
1419 942 1583 996 vero
1637 921 1913 995 tertium
1958 923 2028 994 in
2077 944 2295 1018 regno
2332 924 2557 995 locum

396 1040 747 1113 obtinebat
812 1048 881 1111 et
937 1039 1021 1111 ab
1074 1037 1393 1110 omnibus
1463 1058 1879 1132 magnopere
1940 1038 2315 1111 colebatur.
2383 1038 2558 1111 Hinc

396 1155 810 1249 quicumque
862 1153 944 1224 ad
998 1153 1249 1226 ostium
1304 1151 1494 1246 regis
1544 1160 1764 1236 erant,
1826 1153 2056 1225 statim
2104 1174 2184 1226 ac
2233 1153 2556 1227 Amanem

395 1269 846 1364 aspiciebant,
914 1287 1071 1341 sese
1134 1267 1663 1361 prosternebant
1709 1276 1784 1340 ut
1832 1289 1988 1341 eum
2035 1268 2418 1344 adorarent.
2474 1270 2563 1343 At

397 1387 617 1459 eidem
680 1384 1150 1456 Mardochaeus
1211 1403 1346 1456 non
1408 1384 1838 1477 assurgebat.
1908 1385 2280 1478 Propterea
2347 1386 2561 1459 voluit

398 1505 513 1577 ille
549 1504 635 1576 de
674 1501 1005 1575 Israelitis
1040 1499 1407 1572 vindictam
1446 1520 1718 1572 sumere
1764 1508 1968 1595 atque
2025 1503 2091 1572 in
2140 1503 2242 1575 eis
2293 1502 2559 1576 Amale-

399 1624 570 1696 citas
612 1620 881 1694 ulcisci.
936 1618 1168 1691 Genus
1217 1618 1398 1689 enim
1449 1619 1603 1711 ipse
1650 1617 1940 1690 ducebat
1986 1620 2071 1691 ab
2118 1618 2340 1714 Agag,
2396 1641 2560 1714 rege

397 1737 795 1820 Amalecita,
851 1756 1052 1830 quem
1115 1757 1152 1805 a
1214 1735 1413 1808 Saule
1464 1734 1832 1807 adductum
1886 1736 2156 1808 Samuel
2218 1736 2284 1807 in
2347 1736 2562 1810 frusta

398 1877 628 1928 coram
659 1853 949 1925 Domino
986 1850 1419 1933 conciderat,
1466 1851 1934 1924 Mardochaeus
1969 1860 2190 1926 autem
2226 1874 2308 1925 ex
2345 1854 2564 1947 stirpe

398 1970 661 2051 Saulis,
729 1990 811 2041 ex
871 1967 1052 2040 tribu
1106 1965 1454 2057 Benjamin
1504 1975 1572 2038 et
1622 1987 1703 2038 ex
1755 1967 1919 2039 filiis
1969 1967 2087 2040 Cis
2134 1977 2328 2041 ortus
2382 1977 2551 2043 erat.

403 2088 735 2174 Quoniam
773 2085 984 2179 igitur
1020 2084 1177 2156 Saul
1212 2081 1623 2155 Amalecitas
1659 2084 1861 2155 morti
1890 2083 2286 2171 tradiderat,
2329 2086 2560 2178 cupie-

401 2203 517 2275 bat
576 2203 785 2272 Aman
842 2199 924 2271 ab
977 2200 1230 2271 Israele
1282 2198 1537 2292 stragis
1592 2198 2024 2291 popularium
2080 2221 2361 2273 suorum
2410 2211 2478 2272 et
2526 2223 2563 2273 a

402 2316 831 2388 Mardochaeo
886 2314 1079 2386 necis
1138 2310 1337 2407 Agag
1398 2332 1636 2404 poenas
1697 2313 2008 2406 exigere;
2076 2335 2204 2387 nec
2262 2316 2563 2387 animad-

403 2433 707 2507 vertebat
755 2431 1117 2526 insipiens,
1165 2429 1360 2521 juxta
1412 2429 1820 2501 sententiam
1872 2430 1956 2502 de
2004 2429 2279 2503 Amalec
2334 2432 2558 2519 latam,

402 2551 603 2643 hujus
640 2548 1034 2621 memoriam
1081 2548 1211 2619 sub
1255 2547 1429 2619 coelo
1476 2546 1836 2617 delendam
1872 2567 2054 2619 esse.
2100 2548 2268 2618 Nam
2307 2549 2376 2619 in
2414 2549 2567 2645 lege

404 2687 599 2739 sacra
647 2665 980 2758 scriptum
1037 2670 1171 2744 est,
1229 2662 1375 2733 haec
1423 2683 1462 2732 a
1515 2663 1659 2733 Deo
1713 2661 1929 2754 Moysi
1985 2660 2167 2734 dicta
2218 2684 2375 2737 esse
2423 2662 2500 2761 (1)
2544 2693 2557 2738 :

411 2784 707 2873 Proeoipe
738 2785 959 2862 Iasae,
992 2782 1175 2853 Num·
1208 2779 1375 2868 filio,
1416 2790 1494 2850 ut
1528 2781 1709 2849 viros
1741 2780 1950 2867 cliyat
1981 2789 2045 2850 ct
2078 2801 2379 2871 puqnam
2412 2804 2567 2856 cum

405 2899 682 2970 Amalec
705 2897 1103 2967 committat.
1138 2892 1342 2966 Arma
1378 2894 1608 2987 itaque
1644 2893 1940 2987 sumpsit
1960 2895 2173 2967 Josue
2200 2904 2271 2968 et
2300 2918 2568 2972 manum

406 3013 758 3114 conseruit
801 3032 955 3083 cum
998 3008 1299 3099 Amalec,
1337 3009 1482 3102 qui,
1526 3008 1764 3102 Moyse
1809 3008 2084 3081 brachia
2128 3013 2562 3102 extendente,

406 3131 610 3223 signo
646 3127 876 3199 crucis
906 3126 1126 3198 victus
1163 3124 1577 3219 fugatusque
1614 3135 1746 3197 est.
1790 3125 1883 3197 lis
1931 3146 2140 3218 porro
2189 3127 2572 3206 interfectis

409 3246 527 3339 qui
564 3246 631 3314 in
667 3244 882 3315 aciem
919 3241 1248 3324 exierant,
1284 3241 1402 3333 qui
1431 3252 1901 3314 remanserant
1935 3241 2117 3314 domi
2157 3248 2570 3337 superstites

411 3360 587 3431 cladi
646 3360 942 3431 fuerunt.
999 3359 1190 3429 Tunc
1249 3356 1418 3428 dicit
1467 3356 1799 3429 Dominus
1843 3358 2061 3451 Moysi
2115 3354 2190 3456 (a)
2246 3384 2261 3430 :
2316 3363 2566 3448 Scribe,

410 3475 1053 3548 commemorationis
1095 3492 1249 3564 erqo
1270 3529 1286 3556 ,
1336 3475 1411 3544 in
1456 3475 1657 3556 libro,
1719 3475 2059 3565 simulque
2102 3479 2298 3548 Joauc
2318 3533 2335 3561 ,
2390 3481 2574 3552 Num·

410 3594 664 3683 filium,
714 3592 996 3662 admone
1028 3587 1347 3683 futurum
1381 3609 1523 3661 esse
1565 3601 1646 3661 ut
1692 3592 2085 3663 memoriam
2122 3594 2401 3665 Amalec
2448 3598 2573 3667 aab

410 3711 570 3780 coelo
626 3708 911 3779 domm.
990 3706 1288 3778 Posthac
1357 3704 1868 3798 longanimitate
1935 3726 2100 3800 erga
2165 3706 2576 3783 Amalecitas

412 3845 580 3895 usus
616 3829 723 3895 est
762 3823 968 3905 Deus,
1010 3820 1374 3914 experiens
1411 3842 1572 3893 num
1608 3820 1810 3903 forte,
1849 3820 2077 3894 audita
2111 3823 2471 3918 prophetia
2508 3825 2576 3895 in

415 3938 590 4011 libro
627 3945 866 4012 sancto
902 3936 1308 4032 consignata
1349 3937 1435 4010 de
1483 3958 1608 4011 sua
1644 3938 2140 4024 internecione,
2181 3939 2265 4012 ad
2301 3939 2577 4035 seipsos

482 4230 555 4292 (1)
589 4226 759 4281 Exod.
788 4226 943 4289 xm,
965 4226 1017 4278 9.

482 4309 557 4373 (2)
592 4308 765 4363 Exod.
792 4309 948 4371 xvn,
977 4309 1057 4361 Η.
