3175 5084
292 664 299 669 -
370 619 680 695 reducat.
724 618 1011 710 Quidam
1064 628 1286 694 autem
1323 642 1406 693 ex
1440 621 1628 694 nobis
1660 619 2025 694 vincuntur
2033 676 2185 693 .....
2226 649 2264 686 »
2302 620 2524 709 Quum

370 736 589 833 igitur
621 735 737 809 alii
774 757 910 810 non
946 737 1085 810 sint
1120 735 1236 810 isti
1277 736 1529 809 milites
1562 757 1686 810 seu
1730 735 2096 809 bellatores
2131 734 2525 829 spirituales

372 853 462 926 ab
522 854 615 957 iis,
679 880 716 918 α
750 853 896 948 qui,
959 862 1208 927 statum
1269 853 1719 927 monasticum
1777 852 2099 947 amplexi,
2162 871 2318 925 sese
2380 852 2524 925 Deo

376 970 771 1066 obligarunt
802 979 1004 1066 atque
1035 980 1547 1055 consecrarunt,
1584 999 1623 1038 a
1676 971 1746 1042 in
1796 971 2037 1044 horum
2086 990 2368 1044 censum
2403 969 2525 1041 Sa-

377 1086 681 1180 pientem
716 1086 994 1158 Persam
1028 1086 1286 1160 referas
1321 1106 1611 1161 necesse
1646 1100 1776 1160 est.
2281 1112 2286 1117 ·

481 1201 616 1274 Sed
652 1201 800 1275 haec
828 1221 908 1275 ea
939 1201 1027 1273 de
1055 1222 1130 1277 re
1166 1202 1335 1276 satis
1370 1202 1536 1275 sint.

482 1317 709 1405 Quaeri
747 1325 969 1390 tamen
1004 1316 1226 1391 adhuc
1275 1316 1360 1389 ab
1410 1317 1641 1411 aliquo
1674 1326 1939 1411 posset,
1979 1337 2134 1389 cum
2189 1336 2273 1391 ex
2328 1336 2529 1410 argu·

382 1432 639 1506 mentis
719 1432 1115 1506 intrinsecis
1192 1440 1464 1506 constet
1527 1440 1873 1506 auctorem
1942 1441 2292 1520 nostrum,
2367 1430 2531 1505 dum

383 1550 724 1642 Epistola-r
755 1548 1116 1634 scriberet,
1157 1547 1566 1622 coenobitam
1618 1548 1860 1632 fuisse,
1901 1546 2081 1621 unde
2132 1556 2202 1621 et
2252 1550 2370 1642 qul
2420 1547 2538 1619 flat

386 1675 488 1750 ut,
546 1665 634 1737 de
684 1664 922 1738 eodem
975 1673 1283 1758 tempore
1332 1673 1642 1759 agenteS,
1694 1664 1757 1737 ei
1808 1664 2237 1760 episcopales
2289 1662 2537 1736 infulas

388 1801 703 1854 asserere
760 1781 989 1855 conati
1050 1781 1293 1855 simus.
1368 1779 1929 1874 Respondemus,
1992 1779 2108 1852 illa
2163 1780 2302 1853 duo
2369 1777 2540 1851 adeo

389 1897 571 1971 inter
605 1918 682 1971 se
717 1918 853 1971 non
908 1918 1240 1992 pugnare,
1280 1907 1356 1972 ut
1404 1904 1641 1973 contra
1691 1895 1875 1971 facili
1919 1904 2127 1991 atque
2176 1894 2375 1970 obvia
2424 1916 2540 1969 ex·

390 2012 763 2107 plicatione
795 2013 990 2108 prius
1025 2035 1178 2095 cum
1216 2012 1430 2086 altero
1461 2012 1783 2106 componi
1819 2019 2046 2106 queat.
2081 2011 2335 2085 Omnes
2362 2010 2542 2085 enim

393 2140 649 2202 norunt
674 2129 814 2222 jam
847 2129 1090 2224 primis
1142 2137 1302 2224 post
1352 2129 1757 2224 religionem
1808 2126 2243 2202 christianam
2294 2149 2541 2223 propa·

393 2253 621 2341 galam
689 2245 963 2319 saeculis
1030 2244 1400 2319 monachos
1465 2244 1549 2317 ad
1621 2244 2089 2339 episcopatum
2156 2243 2549 2338 frequenter

393 2369 753 2456 promotos
788 2383 984 2447 esse;
1025 2362 1144 2456 qui
1196 2384 1346 2436 mos
1398 2361 1517 2449 ita,
1559 2369 1865 2456 tempore
1914 2360 2426 2457 progrediente,
2477 2362 2546 2433 in

395 2476 695 2551 ecclesia
726 2476 1038 2551 orientali
1074 2477 1380 2564 invaluit,
1421 2487 1522 2569 ut,
1564 2478 1944 2573 praesertim
1989 2477 2147 2551 inde
2181 2499 2221 2549 a
2255 2477 2549 2551 concilio

396 2593 748 2680 Trullano,
814 2613 991 2675 anno
1054 2590 1194 2665 692
1256 2593 1525 2678 habito,
1592 2595 1789 2689 pauci
1850 2593 2209 2667 admodum
2272 2594 2411 2666 sint
2468 2613 2550 2664 ex

397 2707 877 2781 sacerdotibus
928 2707 1402 2795 saecularibus,
1444 2706 1560 2803 qui
1618 2709 1958 2781 Praesules
2019 2707 2544 2782 constituantur.

402 2825 984 2914 Quemadmodum
1020 2834 1241 2899 autem
1278 2825 1397 2921 qui
1431 2825 1637 2899 hodie
1670 2825 1816 2899 sive
1851 2825 2030 2919 apud
2068 2825 2369 2909 Graecos,
2408 2824 2553 2921 sive

399 2940 608 3013 etiam
643 2941 818 3035 apud
855 2940 1159 3026 Latinos,
1198 2963 1235 3015 e
1278 2940 1597 3014 coenobio
1649 2940 1732 3014 ad
1784 2940 2135 3015 dioecesim
2188 2940 2551 3036 regendam

400 3068 870 3144 assumuntur,
910 3080 1045 3132 non
1082 3058 1358 3132 dicendi
1408 3066 1570 3132 sunt
1620 3057 1977 3153 religionis
2014 3065 2168 3131 vota
2201 3079 2284 3131 ex
2316 3078 2553 3131 neces-

402 3174 610 3248 sitate
660 3173 974 3267 abjicere,
1022 3173 1156 3247 nisi
1208 3181 1543 3271 quatenus
1593 3173 1825 3247 forsan
1877 3194 2110 3247 eorum
2162 3172 2556 3267 adimpletio

404 3289 674 3363 muneri
713 3311 889 3363 novo
923 3290 1406 3387 susceptisque
1456 3289 1705 3365 officiis
1740 3290 2078 3365 contraria
2112 3290 2227 3375 sit,
2267 3289 2557 3383 ideoque

403 3406 688 3479 alteram
723 3405 824 3478 illi
848 3404 1254 3502 ,dignitatern
1290 3406 1658 3502 accipiunt,
1696 3406 1997 3501 priorem
2032 3428 2168 3481 non
2204 3406 2553 3490 amittunt;

407 3522 505 3595 ita
540 3521 886 3617 Aphraati‚
927 3522 1011 3595 ad
1049 3522 1506 3618 episcopalem
1543 3533 1870 3619 provecto
1897 3523 2304 3608 cathedram,
2342 3522 2561 3598 adhuc

409 3636 779 3711 coenobitis
815 3659 891 3712 se
925 3659 1390 3724 annumerare,
1430 3640 1696 3735 bosque
1748 3648 1822 3713 ut
1872 3640 2105 3714 socios
2140 3647 2343 3733 atque
2376 3659 2563 3712 com·

412 3752 762 3826 militones
787 3753 1041 3847 alloqui
1069 3752 1289 3838 licuit,
1307 3775 1390 3828 eo
1407 3755 1512 3829 vel
1529 3755 1751 3851 magis
1771 3755 1953 3850 quod
1983 3775 2341 3828 commune
2367 3750 2565 3849 quasi

414 3868 938 3941 contubernium
988 3890 1143 3942 cum
1180 3869 1502 3944 fratribus
1540 3893 1760 3965 usque
1807 3870 2191 3960 servavisse
2224 3870 2558 3943 videatur.

416 3987 590 4058 Eum
627 4005 914 4079 namque
951 3985 1021 4057 in
1056 3986 1475 4060 monasterio
1507 3987 1598 4061 S.‘
1624 3987 1921 4061 Matthaei
1975 3986 2208 4061 sedem
2243 3984 2567 4058 habuisse

420 4123 611 4174 suam
647 4109 964 4193 tanquam
996 4100 1564 4176 verisimillimum
1600 4125 1807 4197 supra
1841 4099 1917 4200 (t)
1953 4101 2379 4176 admisimus.
2435 4131 2440 4136 ·
2525 4194 2532 4205 ⁸

362 4348 371 4355 ·
487 4332 564 4397 (1)
598 4329 704 4385 Cfr.
729 4343 784 4396 p.
809 4331 892 4383 70.
