3175 5084
567 1412 764 1552 DE
867 1408 1284 1548 VITA·
1360 1407 1541 1547 ET
1660 1402 2406 1551 SCRIPTIS

799 1710 1296 1785 APHRAATIS
1337 1710 1798 1785 SAPIENTIS
1836 1713 2169 1784 PERSAE.

495 2163 900 2259 Georgium,
966 2163 1267 2238 Arabum
1315 2164 1763 2260 Episcopum,
1820 2165 1905 2237 de
1957 2164 2096 2238 vita
2158 2170 2227 2237 et
2287 2163 2572 2257 scriptis

394 2281 742 2374 Sapientis
786 2269 1017 2355 Persae
1057 2285 1410 2374 praecipua
1455 2284 1769 2375 quoedam
1826 2285 2056 2374 capita
2092 2277 2168 2378 (1)
2202 2282 2573 2376 agitantem

392 2398 751 2490 hucusque
776 2397 1184 2470 audivimus.
1217 2399 1253 2470 J
1259 2419 1365 2470 am
1395 2420 1532 2491 quo
1552 2398 1919 2472 certiorem
1948 2406 2151 2491 atque
2185 2397 2573 2470 uberiorem

393 2515 496 2586 rei
533 2522 787 2587 nostrae
821 2514 1314 2609 cognitionem,
1357 2516 1579 2609 qualis
1626 2539 1663 2587 a
1709 2515 1911 2589 nobis
1954 2514 2110 2608 jure
2156 2513 2399 2586 merito
2465 2534 2573 2586 re-

393 2629 714 2723 quiritur,
759 2630 1191 2723 acquiramus
1235 2650 1793 2724 promamusque,
1854 2652 1931 2702 ea
1976 2649 2263 2702 necesse
2308 2636 2415 2702 est
2466 2630 2570 2701 fu·

392 2746 545 2818 sius
593 2745 920 2839 persequi
981 2755 1051 2818 et
1111 2745 1537 2840 diligentiori
1603 2746 1909 2819 examine
1966 2745 2353 2838 expendere
2418 2766 2572 2838 quae

394 2882 606 2954 supra
669 2861 866 2932 allata
917 2871 1102 2945 sunt,
1158 2862 1502 2955 simulque
1555 2860 1685 2934 alia
1734 2862 1820 2933 de
1876 2861 2117 2934 eodem
2170 2867 2571 2954 argumento

391 2977 873 3069 undecumque
933 2975 1222 3049 collecta
1279 2977 1388 3050 vel
1452 2977 1787 3061 inserere,
1853 2977 1962 3050 vel
2021 2983 2436 3057 annectere;
2501 2982 2577 3047 ut

393 3090 601 3162 dubia
649 3092 731 3162 ab
786 3090 1092 3163 indubiis
1145 3091 1651 3177 discernenteS,
1712 3113 1866 3185 quae
1919 3091 2146 3164 minus
2198 3090 2420 3163 solida
2471 3091 2573 3163 vi-

392 3206 683 3277 deantur
718 3213 1161 3299 seponenteS,
1203 3226 1357 3300 quae
1391 3207 1747 3299 probanda
1778 3216 1938 3279 sunt
1968 3207 2191 3293 novis,
2228 3206 2289 3278 si
2318 3227 2573 3301 suppe-

392 3327 564 3402 tant,
608 3320 1036 3413 argumentis
1087 3321 1599 3410 confirmanteS‚
1659 3344 1813 3415 quae
1866 3323 2110 3394 desunt
2166 3322 2571 3415 supplentes

392 3455 523 3527 pro
561 3435 849 3519 viribuS‚
893 3436 1063 3506 nihil
1099 3437 1494 3510 omittamus
1532 3457 1769 3508 eorum
1806 3458 1959 3531 quae
2013 3436 2095 3509 ad
2150 3437 2354 3510 finem
2410 3460 2572 3510 nos-

392 3560 575 3623 trum
623 3551 1097 3636 obtinendum,
1149 3553 1233 3625 ad
1282 3552 1643 3646 Aphraatis
1695 3553 1966 3626 scilicet
2015 3552 2324 3626 notitiam
2379 3553 2575 3648 inge-

393 3666 679 3739 rendam
717 3675 786 3739 et
820 3667 1306 3761 divulgandam
1342 3668 1732 3742 conducere
1766 3677 2087 3762 possunt.

496 3781 713 3852 Porro
751 3790 826 3853 ut
853 3804 1020 3854 suus
1057 3782 1306 3875 cuique
1343 3782 1442 3855 rei
1474 3783 1671 3855 locus
1708 3782 2070 3869 tribuatur,
2114 3793 2207 3870 ct,
2252 3785 2573 3858 omnibus

392 3902 558 3989 apto
595 3895 888 3990 digestis
927 3897 1196 3983 ordine,
1239 3898 1518 3973 lectoris
1556 3919 1751 3972 mens
1789 3899 1859 3970 in
1897 3899 2144 3974 iisdem
2180 3899 2575 3994 intelligen-

395 4010 512 4081 dis
549 4019 618 4081 et
651 4011 1116 4101 dijudicandis
1154 4012 1402 4085 minori
1438 4022 1762 4106 gravetur
1798 4014 2058 4100 labore,
2102 4015 2267 4098 imo,
2312 4015 2372 4087 si
2426 4014 2576 4088 fieri

471 4242 710 4320 (uvida
734 4271 878 4325 sup.,
906 4270 1031 4327 pag.
1064 4261 1145 4312 11.
