3175 5084
1435 479 1888 545 ..130-

577 668 733 761 ipso
766 666 1043 747 fatente,
1084 664 1421 739 adductus
1476 664 1630 749 fuit,
1673 664 1809 737 nisi
1846 663 2211 736 existentia
2246 670 2314 736 et
2347 661 2749 736 testimonio

576 782 841 856 codicis
902 780 1230 864 Armenii,
1291 802 1495 875 quem
1554 779 1861 853 audierat
1914 778 2220 853 Venetiis
2282 778 2618 852 asservari
2681 785 2751 851 et

578 898 942 993 complecti
976 900 1339 970 Tractatus
1374 917 1618 969 novem
1655 904 1723 968 et
1758 895 2022 979 decem,
2057 917 2093 967 a
2119 896 2375 967 Jacobo
2416 894 2750 968 Nisibeno

577 1013 661 1085 ad
719 1014 791 1085 S.
837 1010 1247 1106 Gregorium
1300 1011 1833 1084 Illuminatorem
1887 1011 2217 1103 scriptos.
2269 1011 2518 1085 Verum
2561 1010 2753 1102 ejus-

576 1127 760 1201 modi
800 1128 1001 1211 ratio,
1044 1127 1103 1199 si
1142 1126 1307 1221 quid
1362 1127 1525 1199 olim
1580 1125 1870 1199 valuerit
1917 1124 2002 1197 ad
2049 1145 2411 1219 assensum
2448 1126 2753 1198 auctoris

574 1243 780 1315 etiam
817 1243 1047 1337 gravis
1108 1243 1177 1314 in
1237 1244 1517 1314 alteram
1563 1250 1827 1335 partem
1873 1240 2382 1327 retrahendum,
2435 1243 2751 1334 profecto

575 1367 737 1452 post
797 1366 1107 1453 repertos
1158 1367 1304 1431 tres
1354 1358 1634 1431 codices
1688 1358 2035 1453 Syriacos,
2095 1380 2272 1452 quos
2324 1379 2533 1450 supra
2592 1357 2750 1430 des-

574 1474 971 1569 cripsimus,
1013 1474 1123 1548 vix
1161 1476 1298 1546 ulla
1332 1475 1708 1546 attentione
1745 1474 1954 1567 digna
1986 1482 2093 1547 est
2134 1498 2150 1547 :
2195 1494 2278 1546 ex
2314 1472 2424 1545 his
2460 1494 2754 1567 namque

573 1590 1063 1674 monumentiS,
1106 1611 1261 1684 quae
1315 1589 1632 1661 indubias
1685 1590 1963 1681 maioris
2018 1589 2449 1682 antiquitatis
2490 1597 2559 1661 et
2591 1610 2752 1662 auc-

570 1708 872 1779 toritatis
933 1706 1530 1801 praeponderantis
1592 1714 1790 1779 notas
1850 1727 1995 1799 prae
2067 1727 2144 1779 se
2213 1706 2484 1791 ferunt,
2561 1715 2754 1778 certo

574 1823 834 1896 certius
897 1830 1042 1907 est,
1120 1843 1342 1915 neque
1407 1823 1475 1892 in
1539 1823 1912 1916 exemplari
1982 1821 2387 1895 Armeniaco
2459 1816 2753 1896 inveniri

569 1940 1062 2034 primigenium
1126 1941 1578 2012 Homiliarum
1638 1948 1923 2021 textum,
1985 1959 2209 2032 neque
2264 1939 2486 2012 eidem
2540 1938 2753 2011 docu-

573 2063 804 2126 mento
861 2054 1065 2126 fidem
1118 2054 1599 2137 adhibendam,
1657 2056 1818 2126 dum
1872 2056 2120 2126 asserit
2178 2053 2381 2126 hasce
2438 2055 2754 2126 lucubra-

575 2170 805 2240 tiones
841 2169 925 2240 ab
963 2168 1312 2262 Episcopo
1351 2169 1684 2240 Nisibeno
1721 2169 2143 2262 compositas
2178 2177 2247 2240 et
2281 2168 2364 2239 ad
2413 2169 2754 2242 Illumina·

580 2291 799 2355 torem
863 2283 1162 2357 directas
1223 2305 1405 2357 esse.
1468 2285 1664 2356 Stant
1728 2285 1942 2377 igitur
2003 2285 2232 2359 omnia
2293 2284 2546 2358 indicia
2598 2308 2755 2380 quae

573 2400 791 2492 priori
842 2400 910 2471 in
963 2401 1117 2472 loco
1175 2405 1625 2495 congesserat
1667 2399 2123 2483 Assemanus;
2181 2420 2307 2471 nec
2360 2401 2753 2492 conjectura

576 2537 776 2608 quam
816 2516 956 2588 illis
1005 2515 1333 2588 firmatam
1390 2518 1727 2600 voluerat,
1768 2517 1981 2588 ullum
2032 2515 2325 2588 subinde
2375 2516 2751 2608 probabili-

577 2631 736 2702 tatis
799 2651 943 2702 suae
1003 2630 1487 2702 detrimentum
1551 2652 1756 2723 passa
1817 2642 1945 2704 est.
2025 2633 2124 2703 De
2185 2630 2566 2715 Gennadio,
2634 2631 2753 2724 qui

577 2768 754 2819 unus
791 2747 973 2820 inter
1007 2748 1326 2842 antiquos
1381 2749 1762 2841 scriptores
1811 2749 2248 2835 contradicit,
2312 2771 2467 2822 mox
2525 2770 2751 2823 sermo

579 2862 981 2935 instituetur
1012 2859 1118 2960 (1).

676 2979 809 3051 Sed
872 3000 1034 3051 ecce
1098 2978 1224 3050 tibi
1286 2980 1572 3050 alterum
1627 2988 2103 3072 argumentum
2152 2968 2244 3050 ad'
2291 2981 2747 3073 probandum,

543 3082 907 3167 'Homiliaa
942 3114 1112 3187 quas
1144 3093 1531 3186 Wrigbtius
1568 3094 1785 3164 edidit
1832 3096 2091 3167 Jacobo
2146 3095 2479 3168 Nisibeno
2515 3105 2754 3168 contra

581 3229 781 3280 omne
835 3208 954 3299 jus
1015 3208 1257 3301 fasque
1317 3208 1650 3280 adscribi.
1717 3208 1822 3281 Ab
1874 3219 2152 3282 auctore
2212 3211 2485 3297 nullibi,
2545 3219 2618 3282 ut
2679 3211 2752 3280 in

581 3326 800 3418 prima
849 3327 1367 3397 Dis-sanationis
1419 3334 1676 3397 nostrae
1726 3335 1921 3418 parte
1971 3327 2417 3419 exposuimus
2452 3322 2552 3424 (2),
2610 3347 2751 3399 me-

583 3449 883 3511 moratur
896 3439 1301 3511 Arianorum
1321 3439 1633 3523 haeresis;
1658 3440 1972 3534 nuspiam
2002 3441 2204 3512 etiam
2239 3462 2475 3513 eorum
2502 3462 2752 3513 nomen

581 3556 905 3629 occurrit.
994 3557 1246 3628 Notum
1321 3564 1544 3628 autem
1622 3563 1728 3627 est
1790 3555 1861 3626 S.
1929 3555 2259 3629 «Iacobum
2322 3564 2392 3628 et
2452 3556 2750 3629 concilio

579 3673 638 3742 N
646 3672 861 3744 icaeno
899 3671 1324 3756 interfuisse,
1366 3680 1435 3744 et
1468 3671 1805 3744 doctrinae
1841 3672 2245 3744 orthodoxae
2280 3680 2520 3744 contra
2556 3691 2752 3764 gras-

581 3797 813 3860 santes
883 3787 991 3860 sui
1061 3787 1394 3882 tempor1s
1455 3808 1733 3860 errores
1793 3808 2069 3881 semper
2129 3787 2345 3859 fuisse
2408 3787 2750 3859 vindicem

582 3904 1014 3976 acerrimum.
1058 3904 1264 3990 Quid,
1307 3903 1492 3998 quod
1533 3924 1714 3975 anno
1751 3901 1920 3987 335,
1955 3903 2018 3974 si
2055 3902 2228 3974 fides
2265 3902 2357 3974 sit
2384 3902 2743 3995 Dionysio,

653 4184 726 4244 (ί)
764 4182 924 4245 Infra,
950 4196 1051 4250 ppv
1070 4182 1166 4236 ¹92
1191 4188 1244 4237 et
1269 4184 1384 4236 ¹93.

653 4261 725 4327 (2)
760 4265 882 4330 Pass.
911 4266 978 4316 74
999 4277 1149 4331 seqq.
