3175 5084
1235 427 1768 523 „“'303-

464 621 609 700 tici,
650 618 766 711 qui
820 618 1059 690 eodem
1103 625 1338 688 carent
1367 617 1677 709 psychici
1712 623 2190 709 nuncupantur
2224 613 2325 709 (a).
2372 613 2619 687 Eadem

465 734 607 807 fere
655 734 997 807 sentiendi
1047 732 1534 826 scribendique
1582 732 1757 804 ratio
1806 731 2110 805 occurrit
2154 728 2334 822 apud
2379 728 2623 822 Orige-
2670 796 2675 805 f

466 871 644 922 nem.
683 850 1004 937 Quaedam
1042 850 1193 921 loca
1232 870 1315 921 ex
1349 857 1639 941 utroque
1675 848 1797 920 illo
1824 856 2102 921 auctore
2136 846 2379 919 afferre
2404 845 2623 937 juvat,

466 987 601 1059 quo
638 963 1001 1058 Aphraatis
1036 964 1466 1048 orthodoxia,
1500 964 1583 1035 ad
1614 972 2025 1057 praesentem
2060 961 2405 1035 materiam
2442 959 2627 1055 quod

468 1081 733 1167 attinet,
775 1102 855 1153 ex
893 1079 1321 1152 manifestato
1377 1078 1525 1170 ejus
1578 1100 1733 1151 cum
1787 1078 2056 1152 caeteris
2110 1077 2426 1150 Patribus
2462 1097 2626 1148 con

470 1219 679 1271 sensu
714 1197 785 1267 in
819 1195 1102 1268 clariori
1138 1194 1291 1267 luce
1326 1202 1644 1287 ponatur.
2296 1206 2301 1217 '

569 1312 685 1385 Sic
719 1318 1229 1405 argumentatur
1264 1311 1567 1383 lrenaeus
1604 1305 1703 1409 (2),
1746 1332 2098 1405 exponens
2150 1313 2375 1385 locum
2408 1309 2627 1404 Apos-

472 1428 593 1500 toli
632 1428 683 1520 (I
722 1427 879 1499 Cor.
924 1427 1068 1512 XV,
1111 1422 1283 1522 50):
1328 1429 1499 1500 Caro
1541 1437 1616 1499 ‘et
1663 1431 1948 1519 sanquis
1998 1450 2280 1520 requam
2331 1431 2452 1501 Dei
2502 1451 2636 1502 non

466 1545 920 1634 possidebunt,
952 1566 1090 1636 quo
1125 1544 1399 1615 sectarii
1437 1545 1517 1616 ad
1558 1565 1720 1616 suas
1755 1545 2215 1637 blasphemias
2252 1545 2637 1617 suadendas

474 1660 923 1733 abutebantur
965 1684 979 1730 :
1026 1688 1062 1725 «
1100 1660 1173 1730 Id
1214 1669 1321 1732 est
1355 1662 1537 1754 quod
1593 1661 1677 1732 ab
1730 1663 2048 1735 omnibus
2099 1664 2440 1736 haereticis
2475 1684 2637 1756 pro-

476 1775 691 1849 fertur
726 1776 795 1846 in
847 1777 1206 1849 amentiam
1260 1798 1477 1861 suam,
1529 1798 1613 1849 ex
1664 1798 1801 1870 quo
1854 1786 1923 1850 et
1978 1798 2107 1850 nos
2159 1778 2532 1863 retardare,
2572 1786 2643 1851 et

478 1890 846 1963 ostendere
878 1902 1238 1978 conantur,
1282 1913 1417 1965 non
1457 1893 1703 1966 salvari
1738 1894 2256 1987 plasmationem
2294 1895 2452 1979 Dei;
2504 1914 2642 1966 non

480 2010 987 2103 conspicientes
1041 2012 1201 2105 quia
1247 2020 1407 2083 sunt
1443 2011 1598 2096 tria,
1641 2032 1723 2083 ex
1760 2012 2034 2105 quibuS,
2072 2012 2641 2105 quemadmodum

482 2129 935 2213 ostendimus,
1003 2128 1351 2222 perfectus
1404 2129 1606 2201 homo
1659 2137 1953 2215 constat,
2014 2150 2244 2216 carne,
2296 2129 2518 2201 anima
2576 2137 2645 2201 et

485 2242 732 2335 spiritu
776 2268 790 2313 ε
839 2252 906 2315 et
941 2242 1154 2315 altero
1192 2244 1468 2336 quidem
1506 2245 1809 2316 salvante
1861 2254 1928 2316 et
1981 2245 2344 2338 figurante,
2385 2245 2503 2339 qui
2540 2253 2649 2317 est

415 2394 422 2405 ,
485 2359 1066 2453 spiritus;·altero
1104 2360 1287 2453 quod
1326 2360 1555 2431 unitur
1589 2368 1659 2431 et
1695 2361 2047 2446 formatur,
2090 2362 2274 2455 quod
2313 2370 2419 2433 est
2453 2382 2640 2444 caro;

488 2474 552 2544 id
590 2496 754 2547 vero
790 2475 974 2568 quod
1013 2475 1189 2547 inter
1240 2476 1384 2547 haec
1429 2485 1541 2548 est
1592 2476 1755 2561 duo,
1803 2478 1986 2569 quod
2039 2487 2149 2548 est
2198 2476 2451 2560 anima;
2495 2497 2648 2569 quae

485 2591 848 2684 aliquando
886 2591 1163 2684 quidem
1201 2592 1635 2693 subsequens
1671 2592 2023 2686 spiritum,
2066 2594 2369 2665 elevatur
2402 2593 2485 2663 ab
2523 2614 2642 2677 eo;

488 2706 850 2800 aliquando
899 2715 1121 2778 autem
1178 2707 1621 2779 consentiens
1675 2708 1888 2791 carni,
1932 2706 2186 2780 decidit
2223 2708 2290 2778 in
2341 2716 2649 2780 terrenas

490 2824 1107 2916 concupiscentias,
1147 2825 1498 2917 Quotquot
1524 2842 1692 2919 ergo
1731 2823 1799 2894 id
1837 2824 2018 2918 quod
2056 2824 2270 2896 salvat
2304 2832 2372 2895 et
2407 2824 2652 2897 format

490 2947 558 3011 et
591 2940 913 3013 unitatem
963 2962 1097 3012 non
1153 2940 1427 3026 habent,
1472 2941 1539 3011 hi
1577 2948 2081 3034 consequenter
2115 2948 2315 3012 erunt
2348 2951 2418 3013 et
2451 2961 2649 3013 voca-

492 3057 745 3129 buntur
779 3078 938 3129 caro
974 3065 1043 3129 et
1077 3057 1394 3151 sanguis;
1439 3057 1696 3151 quippe
1723 3057 1841 3150 qui
1871 3078 2008 3129 non
2047 3057 2296 3129 habent
2322 3057 2650 3151 Spiritum

493 3173 615 3244 Dei
654 3173 722 3243 in
759 3194 861 3245 se.
904 3174 1196 3265 Propter
1231 3174 1361 3245 hoc
1396 3182 1619 3246 autem
1669 3181 1739 3246 et
1793 3174 2038 3246 mortui
2083 3174 2253 3257 tales
2289 3174 2457 3247 dicti
2493 3182 2655 3246 sunt

494 3313 531 3362 3
591 3291 880 3363 Domino
940 3289 1017 3385 (3)
1077 3315 1091 3360 :
1150 3293 1365 3362 Sinite
1423 3294 1628 3373 enim,
1697 3290 1944 3384 inquit,
2010 3300 2308 3363 mortuos
2373 3293 2656 3382 sepelire

493 3418 789 3479 mortuos
821 3428 1014 3494 auoa;
1054 3407 1376 3502 quoniam
1412 3429 1548 3479 non
1588 3408 1838 3480 habent
1865 3406 2182 3500 spiritum
2213 3407 2330 3501 qui
2356 3408 2660 3481 vivificet

477 3522 863 3595 bominem.
909 3523 1261 3616 Quotquot
1315 3530 1538 3595 autem
1596 3522 1837 3595 timent
1881 3523 2122 3607 Deum,
2163 3531 2233 3595 et
2267 3523 2555 3596 credunt
2588 3524 2658 3595 in

563 3796 638 3854 (1)
680 3794 750 3844 De
784 3791 974 3844 Irenaei
1017 3791 1366 3860 psychologia
1404 3790 1501 3844 cfr.
1542 3790 1746 3854 stockl,
1770 3789 2056 3844 Lehrbuch
2088 3789 2534 3844 der-Geschicme
2566 3792 2663 3845 der

500 3873 848 3938 Philosophia
885 3873 1100 3938 (mainz,
1138 3875 1309 3936 1875),
1352 3887 1446 3940 pp.
1487 3874 1586 3925 282
1609 3879 1665 3926 et
1686 3874 1815 3937 2853
1844 3873 1974 3926 item
2015 3872 2295 3935 Schwane,
2338 3873 2664 3941 Doymenqe·
2694 3918 2699 3921 ,

500 3956 800 4022 ρεεσὴίσὴιε
824 3957 921 4009 der
943 3956 1389 4010 vornicdnischen
1417 3955 1531 4009 Zeit
1556 3958 1843 4019 (munster,
1869 3955 2041 4020 1862),
2067 3968 2122 4021 p.
2150 3956 2249 4006 uo
2272 3966 2428 4022 seqq,

567 4038 642 4102 (2)
675 4038 956 4092 Adversus
992 4038 1242 4102 hoereses,
1288 4037 1380 4092 lib.
1421 4040 1482 4100 v,
1523 4049 1642 4103 cap.
1686 4039 1748 4101 93
1789 4036 1934 4104 apud
1975 4036 2172 4103 Higne,
2213 4035 2418 4089 Patr-ol.
2463 4037 2665 4092 Groecoe

505 4123 636 4172 tom.
662 4122 775 4184 VH,
800 4119 903 4173 col.
935 4121 1078 4174 nu.

570 4202 640 4268 (3)
680 4205 803 4255 Luc.
833 4203 917 4266 lx,
945 4203 1029 4256 6⁰.
