3175 5084
15 4888 37 4941 *ἡ

2516 6 2533 13 ⁷
2738 6 2777 17 '¹‘
2808 6 2831 9 ‘
2874 4 3105 29 ἐτιζ-Ἶ--ιι-

2622 28 2633 35 “
2742 42 2751 51 ·
2842 51 2863 55 -
2906 34 2955 59 2-
2988 42 3015 61 a·
3114 8 3163 195 Ὗ

1495 432 1947 496 -370-

1555 687 1782 756 XLIX.

726 892 991 985 Dogma
1043 890 1452 965 catholicum
1500 891 1587 964 de
1630 902 1916 985 peceato
1969 894 2318 988 originali,
2378 917 2516 968 non
2578 897 2811 970 imita-

627 1007 860 1092 tione,
943 1006 1067 1080 sed
1148 1007 1646 1101 propagatione
1714 1009 1784 1080 in
1856 1031 2096 1084 omnes
2164 1010 2407 1085 Adami
2476 1025 2805 1106 posteros

625 1124 999 1208 transfuso,
1043 1125 1269 1196 Sacrae
1322 1125 1627 1207 Litterae,
1686 1125 2126 1218 potissimum
2179 1133 2299 1219 Ep.
2354 1131 2447 1202 ad
2482 1133 2666 1203 Rom.
2710 1131 2798 1215 V,

627 1238 717 1307 1⁶..)
755 1248 821 1311 et
858 1261 1091 1334 seqq.‚
1134 1249 1367 1334 aperte
1403 1241 1705 1313 tradunt.

1677 1525 1750 1588 L.

717 1725 1165 1819 Doxologiam
1237 1749 1391 1821 quae
1455 1732 1575 1819 Ep.
1662 1732 1755 1802 ad
1809 1733 1996 1803 Rom.
2065 1733 2185 1815 IX,
2256 1732 2327 1816 5,
2396 1732 2648 1826 legitur
2705 1731 2799 1803 ad

619 1838 964 1912 Christum
1002 1840 1365 1913 Dominum
1404 1843 1830 1917 referendam
1867 1867 2026 1919 esse
2060 1847 2485 1940 argumentis
2520 1855 2802 1920 constat

614 1977 815 2048 quam
851 1956 1307 2042 firmissimis;
1351 1981 1560 2052 quare
1599 1962 1903 2035 eontinet
1947 1963 2306 2035 hie-locus
2364 1964 2793 2036 luculentum

614 2068 990 2142 divinitatis
1027 2071 1284 2143 Christi
1319 2073 1817 2149 testimonium.

1661 2355 1765 2418 LI.

707 2556 1000 2630 Aliunde
1036 2558 1237 2629 etiam
1275 2556 1534 2629 erroris
1570 2560 1961 2650 arguuntur
1994 2556 2467 2630 Rationalistae
2520 2558 2620 2629 illi
2665 2559 2789 2651 qui

608 2676 928 2747 audacter
975 2674 1308 2745 affirmant
1357 2674 1704 2746 Christum
1754 2695 1791 2744 a
1827 2673 1899 2745 S.
1947 2673 2156 2745 Paulo
2204 2673 2521 2765 nuspiam
2566 2671 2784 2746 Deum

603 2791 834 2864 vocari
878 2816 891 2860 :
936 2790 1067 2861 hoe
1111 2790 1368 2882 quippe
1413 2809 1662 2860 nomen
1712 2787 1847 2881 ipsi
1901 2809 2229 2882 expresse
2279 2788 2520 2861 tribuit
2553 2786 2783 2881 Apos-

604 2907 815 2990 toluS‚
858 2913 931 2976 ut
967 2912 1211 2976 oaetera
1246 2903 1554 2995 exempla
1592 2902 1877 2989 mittam,
1916 2911 2060 2975 tum
2097 2904 2247 2976 Act.
2291 2906 2422 2994 Ap.
2463 2904 2608 2985 XX,
2650 2900 2778 2988 28,

607 3033 749 3093 tum
784 3025 903 3111 Ep.
947 3021 1038 3092 ad
1078 3023 1206 3091 Tit.
1250 3020 1338 3104 ll,
1383 3017 1502 3090 13.

1589 3284 1755 3362 Lu.

700 3496 1018 3566 Instituta
1054 3494 1499 3567 distinetione
1532 3493 1712 3565 inter
1740 3493 2084 3585 objectum
2124 3493 2307 3586 quod
2345 3493 2668 3566 adoratur
2704 3502 2778 3566 et

598 3610 952 3682 formalem
990 3609 1321 3681 rationem
1358 3609 1783 3681 excellentiae
1834 3616 2123 3702 propter
2172 3629 2372 3702 quam
2421 3608 2773 3694 adoratur,
2884 3698 2901 3707 x

599 3733 785 3797 reete
845 3723 1135 3795 infertur
1196 3745 1332 3795 non
1394 3723 1600 3794 modo
1664 3722 1917 3799 divinae
1982 3722 2240 3796 Christi
2306 3730 2592 3807 naturae,
2647 3721 2776 3794 sed

597 3839 747 3933 ejus
814 3838 1017 3910 etiam
1086 3844 1344 3909 naturae
1414 3837 1727 3909 humanae
1785 3835 2130 3932 hujusque
2189 3837 2505 3931 partibus
2558 3857 2774 3909 unum

595 3954 1047 4047 eumdemque
1082 3974 1477 4047 supremum
1516 3953 1731 4025 latriae
1785 3955 2044 4026 eultum
2099 3974 2256 4027 esse
2292 3950 2769 4033 deferendum.

595 4068 773 4140 Huic
808 4070 1136 4142 doetrinae
1175 4068 1612 4151 inhaerenteS‚
1650 4067 1772 4140 SS.
1820 4067 1955 4140 Cor
1993 4067 2248 4141 Christi
2286 4065 2558 4138 Domini
2602 4063 2770 4136 ado-

598 4206 851 4272 ramuS,
892 4208 1030 4259 non
1068 4186 1430 4280 figuratum
1469 4194 1537 4257 et
1574 4184 2044 4289 metaphorioe
2089 4204 2217 4278 pro
2268 4203 2498 4275 amore
2535 4202 2773 4273 sump-

3148 3140 3159 3375 *1

2940 4386 3154 4465 &A

2845 4461 2857 4465 ’
3142 4470 3154 4667 l
