3175 5084
1236 465 1641 531 ..33-

353 657 528 727 enim
567 656 901 729 adventus
939 655 1208 726 Domini
1257 657 1475 727 nostri
1513 656 1580 725 in
1620 677 1850 739 carne,
1893 656 2053 727 du'm
2091 656 2514 729 Bethlehemi

355 781 567 843 natus
605 781 735 856 est,
786 772 854 841 in
910 771 1152 843 diebus
1199 770 1493 864 Augusti
1550 771 1699 852 fuit,
1747 793 1924 843 anno
1980 771 2213 843 mundi
2274 768 2507 854 5500;

350 909 597 978 passus
651 894 758 957 est
809 894 1031 956 autem
1095 907 1271 956 anno
1327 883 1420 954 33
1469 894 1631 976 post
1691 880 2107 957 nativitatem
2157 907 2374 958 suam.
2428 885 2517 957 At

353 1023 638 1074 necesse
696 1013 801 1073 est
868 1022 990 1072 sex
1047 1022 1376 1072 annorum
1440 1001 1651 1070 millia
1714 1001 2098 1093 adimpleri,
2157 1009 2231 1072 ut
2289 1002 2516 1073 veniat
2571 1036 2580 1070 ι

352 1119 793 1211 tranquillum
857 1117 1022 1188 illud
1087 1117 1467 1200 sabbatum,
1529 1138 1666 1209 quo
1728 1118 2117 1211 requiescet
2179 1119 2363 1190 Deus
2432 1119 2514 1188 ab

352 1235 671 1305 omnibus
709 1232 1035 1325 operibus
1073 1253 1225 1325 quae
1282 1232 1707 1322 perficienda
1761 1240 2182 1324 susceperat.
2236 1260 2272 1296 2>
2312 1274 2406 1283 —
2436 1234 2518 1303 Et

352 1349 553 1441 paulo
602 1355 762 1440 post
809 1347 1043 1418 subdit
1095 1373 1106 1416 :
1164 1376 1200 1410 ε(
1245 1346 1435 1438 Opus
1473 1355 1580 1418 est
1618 1346 1829 1440 igitur
1866 1357 1938 1418 ut
1987 1347 2144 1418 inde
2202 1369 2237 1416 a
2273 1347 2512 1417 nativi-

351 1475 482 1534 tate
522 1461 778 1538 Christi
817 1484 1251 1533 numeremus
1290 1472 1356 1533 et
1407 1483 1887 1553 percurramus
1925 1459 2065 1532 500
2104 1461 2262 1532 illos
2298 1483 2515 1533 annos

352 1581 467 1672 qui
518 1580 998 1651 desiderantur
1044 1579 1133 1649 ad
1177 1578 1733 1672 adimpletionem
1780 1577 1970 1650 6000
2030 1599 2387 1664 annorum,
2450 1588 2516 1651 et

348 1704 511 1768 tunc
547 1696 767 1767 aderit
805 1695 987 1796 finis.
1034 1723 1068 1759 >³
1110 1699 1270 1766 Haec
1326 1696 1578 1787 itaque,
1624 1717 1776 1787 quae
1824 1703 1984 1766 sunt
2045 1694 2262 1789 magis
2318 1716 2515 1786 pers-

351 1813 580 1905 picua,
616 1812 786 1882 dixit
823 1819 1102 1882 sanctus
1130 1811 1573 1904 HippolytuS‚
1611 1812 1850 1882 volens
1879 1811 2125 1902 etipse
2152 1811 2518 1882 ostendere

351 1929 676 1998 mundum
713 1929 893 1997 hunc
926 1927 1102 1996 ultra
1135 1947 1253 1996 sex
1294 1947 1619 1996 annorum
1662 1925 1871 1996 millia
1905 1947 2041 1997 non
2078 1927 2508 1997 exstiturum.

352 2047 517 2130 Quae
555 2044 782 2136 qualia
817 2043 956 2114 sint
983 2042 1199 2113 vides
1228 2043 1703 2114 Verumtamen
1743 2043 2173 2114 advertamus
2211 2053 2511 2135 oportet,

352 2162 705 2244 mundum,
750 2180 927 2230 anno
969 2160 1097 2230 hoc
1137 2157 1327 2228 1025
1367 2158 1785 2242 Graecorum,
1828 2167 1989 2251 post
2032 2160 2393 2231 terminum
2431 2162 2515 2232 ab

352 2277 469 2345 illo
533 2273 938 2367 praedictum
973 2272 1113 2363 jam
1166 2271 1307 2342 215
1358 2274 1553 2343 annis
1608 2274 1967 2345 mansisse.
2012 2274 2084 2344 Si
2131 2275 2310 2344 enim
2357 2284 2518 2366 post

352 2388 494 2460 500
533 2390 616 2460 ab
655 2390 947 2460 adventu
997 2388 1268 2459 Messiae
1321 2410 1563 2469 annm,
1610 2389 1768 2459 finis
1822 2385 2395 2460 6000·annorum
2447 2399 2515 2462 et

350 2505 584 2575 mundi
623 2505 892 2602 futurus
921 2512 1089 2585 erat,
1126 2511 1198 2573 ut
1235 2503 1385 2595 ipse
1424 2504 1838 2596 Hippolytus
1870 2503 2065 2586 dixit,
2100 2525 2137 2575 a
2169 2505 2515 2577 nativitate

347 2631 573 2691 autem
632 2619 886 2690 Christi
942 2634 1159 2709 usque
1213 2618 1295 2688 ad
1346 2639 1597 2688 annum
1650 2619 1828 2690 hunc
1888 2627 2299 2710 praesentem
2355 2621 2513 2690 anni

349 2736 538 2807 fuere
579 2734 720 2805 715
760 2733 956 2829 (anno
994 2754 1284 2826 namque
1324 2731 1464 2802 310
1505 2734 2014 2806 Seleucidarum
2053 2732 2130 2828 (1)
2169 2734 2511 2805 Christum

350 2862 580 2924 natum
627 2873 783 2924 esse
837 2860 1175 2935 tenemuS‚
1225 2859 1427 2942 prout
1490 2851 1557 2920 id
1622 2852 1754 2923 alio
1814 2851 1968 2923 loco
2020 2852 2513 2924 demonstravi-

350 2968 559 3064 mus);
603 2990 1037 3063 consequens
1075 2976 1206 3052 est,
1251 2969 1522 3061 quando
1560 2969 1643 3038 ab
1680 2968 1876 3039 annis
1918 2967 2057 3038 715
2095 2968 2513 3061 quingentos

349 3090 430 3158 ab
495 3088 868 3179 Hippolyto
913 3085 1293 3179 praefinitos
1344 3086 1837 3167 subtrahimuS‚
1896 3100 2266 3177 superesse
2310 3086 2512 3158 nobis

350 3223 564 3273 annos
604 3199 773 3285 215,
818 3200 915 3273 uti
944 3201 1080 3292 jam
1119 3201 1442 3272 diximus.

446 3318 705 3387 Praeter
764 3324 1080 3387 auctores
1142 3316 1325 3398 ilice,
1391 3315 1808 3387 adducemus
1869 3322 1938 3385 et
2000 3322 2308 3385 sanctum
2370 3316 2513 3387 Mar

346 3432 674 3503 Jacobum
729 3433 1091 3502 Doctorem
1145 3426 1263 3527 (a),
1324 3431 1440 3523 qui
1496 3431 1670 3501 hanc
1735 3429 2040 3501 eamdem
2102 3429 2510 3501 sententiam

353 3679 572 3728 tuentur
595 3681 844 3728 auctores
867 3688 1095 3728 numero
1120 3682 1172 3728 et
1191 3675 1452 3742 gravitate
1476 3674 1777 3740 conspicui,
1800 3673 1989 3727 incidit
2007 3673 2061 3726 in
2078 3686 2282 3725 annum
2301 3672 2511 3740 periodi

349 3760 574 3812 Julianae
599 3763 729 3812 4707
754 3766 808 3811 et
842 3760 1242 3812 Seleucidarum
1277 3761 1401 3820 506ς
1442 3759 1671 3810 alterum
1714 3770 1843 3811 vero
1883 3764 2099 3810 constat
2137 3770 2261 3810 esse
2301 3757 2510 3823 periodi

348 3844 575 3894 Julianae
600 3844 748 3904 4714,
775 3851 828 3894 et
851 3854 994 3894 anno
1020 3843 1326 3894 Graecorum
1350 3841 1449 3892 312
1477 3840 1787 3904 incoepisse.
1819 3839 1955 3892 Hinc
1978 3839 2093 3893 sive
2115 3840 2183 3892 de
2207 3838 2365 3892 initio
2388 3852 2512 3891 aerae

352 3924 711 3991 Dionysi-anae,
735 3924 850 3976 sive
876 3924 942 3976 de
967 3923 1161 3976 Christi
1189 3935 1333 3975 anno
1360 3921 1522 3975 natali
1551 3922 1883 3989 intelligatur
1906 3920 2187 3988 Georgiu3‚
2214 3934 2241 3972 a
2267 3933 2396 3975 vero
2423 3919 2510 3973 hic

350 4007 631 4060 aberrasse
668 4007 899 4061 videtur.
947 4033 1009 4044 -
1054 4009 1124 4058 De
1166 4012 1396 4072 utroque
1446 4011 1689 4070 tempore
1729 4003 1964 4058 conferri
2013 4006 2244 4069 possunt
2288 4003 2357 4055 cl.
2409 4001 2508 4056 viri

353 4094 407 4143 B.
434 4096 760 4160 Jungmann‚
788 4093 1201 4145 Dissertationes
1223 4094 1425 4143 selectoe
1450 4092 1509 4142 in
1535 4091 1821 4143 historiam
1849 4088 2285 4152 ecclesiasticam,
2313 4095 2443 4141 tom.
2468 4089 2511 4149 Ι,

353 4179 494 4325 ρ’(925)
519 4191 782 4324 {Exiguam
810 4261 881 4312 sit
903 4259 1137 4312 lacobus
1163 4258 1253 4310 ille
1277 4259 1344 4311 de
1385 4270 1494 4324 quo
1534 4257 1621 4310 hic
1662 4269 1841 4311 sermo
1881 4261 1966 4310 est
2003 4255 2132 4309 mihi
2174 4268 2284 4309 non
2322 4254 2510 4321 liquet.

2310 4338 2351 4400 4
