3175 5084
1223 470 1667 537 ...331-

360 668 493 732 est.
553 660 668 731 Sic
722 659 979 753 quippe
1041 667 1336 752 arguunt
1394 667 1797 751 peccatores
1853 684 1868 727 :
1930 686 1966 722 «
2002 657 2074 728 Si
2139 656 2292 728 istis
2352 657 2533 728 adsit

361 779 573 860 DeuS,
616 796 826 870 quare
876 774 1208 847 ultionem
1259 775 1499 869 populi
1552 775 1662 847 sui
1716 794 1853 857 non
1912 773 2293 846 exer-ceti»
2351 775 2529 844 Den-

362 891 643 984 siorque
677 889 979 962 tristitiae
1030 890 1248 962 nubes
1301 890 1466 960 mihi
1520 889 1799 961 incubat
1831 885 1931 986 (ι),
1974 910 2055 961 eo
2091 888 2273 981 quod
2307 887 2530 960 Judaei

361 1026 635 1098 quoque
673 1004 873 1076 nobis
909 1004 1381 1077 conviciantur
1431 1012 1498 1077 et
1545 1026 1754 1097 supra
1790 1003 1972 1075 filios
2007 1003 2237 1096 gentis
2272 1013 2531 1075 nostrae

361 1119 659 1212 superbe
708 1140 785 1191 se
830 1117 1143 1191 efferunt.
1200 1115 1488 1190 Accidit
1540 1119 1722 1191 enim
1774 1118 2060 1211 quadam
2110 1117 2221 1189 die
2272 1127 2346 1188 ut
2394 1117 2525 1202 vir,

360 1236 479 1328 qui
516 1236 849 1328 sapientis
885 1256 1133 1309 nomen
1171 1237 1348 1329 apud
1383 1236 1665 1308 Judaeos
1702 1235 1990 1318 obtinet,
2035 1254 2142 1305 me
2178 1233 2282 1304 sic
2317 1233 2528 1305 inter·

359 1359 638 1444 rogaret
679 1376 693 1421 :
737 1377 773 1415 ι(
805 1352 1038 1434 JesuS,
1095 1373 1296 1444 quem
1348 1351 1752 1445 Magistrum
1803 1348 2093 1432 vocatis,
2135 1350 2281 1419 haec
2329 1347 2528 1420 vobis

359 1465 711 1556 pollicitus
750 1472 855 1536 est
891 1461 961 1561 (a)
1005 1489 1021 1536 :
1053 1469 1138 1537 ’δι’
1173 1468 1355 1536 vobi-5
1389 1469 1556 1538 insit
1589 1467 1760 1554 fides
1794 1469 1973 1536 sicut
2009 1487 2222 1535 unum
2264 1466 2527 1554 sinapis

358 1600 677 1669 ymnum,
710 1583 1125 1671 praecipietis
1177 1583 1386 1652 monti
1436 1583 1598 1652 huic
1656 1593 1733 1651 ut
1785 1581 2113 1662 discedat,
2159 1590 2223 1650 et
2250 1600 2338 1649 ex
2371 1599 2526 1649 con·

358 1705 589 1784 spectu
633 1704 848 1765 vestro
898 1696 1230 1781 discedam
1285 1697 1723 1787 eumdemque
1758 1693 2086 1788 jubebitis
2141 1695 2287 1764 tolli
2335 1705 2401 1763 ct
2447 1696 2526 1763 in

360 1830 550 1880 mare
576 1812 846 1900 projici,
887 1813 1197 1914 vobisque
1229 1808 1510 1883 obedietss
1550 1810 1640 1881 At
1674 1832 1760 1881 ne
1794 1831 1972 1880 unus
2009 1808 2283 1902 quidem
2322 1809 2525 1879 homo

361 1928 640 2023 sapiens
692 1927 761 1998 in
810 1928 994 1999 omni
1045 1929 1300 2021 populo
1350 1937 1582 2001 vestro
1635 1927 2000 2021 reperitur,
2060 1925 2254 2017 cujus
2306 1925 2524 1995 oratio

319 2042 455 2127 ,ita
516 2043 913 2114 exaudiatur
959 2044 1067 2115 vel
1116 2043 1232 2136 qui
1285 2043 1844 2136 persecutionum
1894 2051 2269 2112 vestrarum
2324 2039 2527 2111 finem

361 2158 491 2228 rite
544 2179 580 2227 a
633 2157 774 2228 Deo
823 2157 1152 2248 postulet,
1210 2157 1552 2251 siquidem
1603 2158 1935 2250 scriptum
1990 2156 2188 2228 vobis
2241 2163 2346 2226 est
2383 2149 2456 2249 (3)
2506 2179 2520 2224 :

360 2275 548 2345 Nihil
594 2294 727 2344 non
772 2276 1087 2363 poteritis
1135 2271 1387 2367 facere.
1416 2294 1467 2338 ·»
1525 2314 1616 2327 0—-
1675 2273 1889 2359 Quem
1939 2280 2304 2366 postquam
2353 2272 2529 2342 blas·

360 2388 791 2479 phemantem
828 2387 1260 2481 absurdaque
1306 2390 1515 2460 multa
1567 2388 1987 2460 effutientem
2041 2387 2292 2469 audivi,
2335 2406 2527 2457 com-

360 2511 546 2574 mota
579 2512 685 2574 est
721 2523 915 2574 mens
953 2524 1127 2585 mea,
1162 2503 1456 2596 novique
1494 2512 1748 2575 rectam
1785 2503 2144 2575 verborum
2176 2521 2328 2592 quae
2362 2499 2529 2571 mihi

360 2617 761 2689 recitaverat
799 2618 1430 2711 interpretationem
1481 2617 1564 2688 ab
1620 2618 1772 2711 ipso
1827 2639 1962 2688 non
2008 2616 2298 2687 admitti.
2340 2616 2529 2684 Tunc

359 2740 492 2827 ego
563 2735 895 2816 vicissim,
974 2757 1125 2806 eum
1189 2735 1273 2806 de
1334 2735 1541 2828 Legis
1605 2743 1673 2804 et
1739 2735 2262 2827 Prophetarum·
2306 2731 2532 2803 effatis

360 2849 820 2943 interroganS,
875 2850 1015 2920 dixi
1074 2875 1088 2923 :
1151 2879 1187 2915 (ι
1225 2849 1521 2922 Creditis
1569 2870 1694 2921 vos
1746 2850 1985 2933 Deum,
2043 2848 2173 2919 etsi
2230 2847 2528 2939 dispersi

360 2967 556 3050 estis,
613 2967 812 3038 vobis
865 2967 1137 3038 adesse.
1185 2996 1220 3031 ›>
1276 2970 1361 3037 Et
1414 2967 1777 3039 confessus
1831 2975 1936 3038 est
1998 2991 2011 3037 :
2077 2995 2112 3030 «
2155 2966 2530 3037 Nobiscum

359 3092 465 3154 est
500 3085 710 3166 DeuS,
755 3082 1074 3176 quoniam
1131 3083 1214 3155 de
1250 3085 1502 3155 Israele
1540 3084 1687 3155 haec
1724 3083 2188 3177 pronuntiavit
2224 3082 2298 3173 (4)
2343 3106 2357 3151 :
2400 3085 2525 3151 Eos

357 3203 579 3269 necin
615 3201 910 3271 hostium
936 3201 1316 3289 regionibus
1351 3210 1703 3270 metantes
1729 3200 2087 3289 dereliqui,
2118 3211 2530 3289 pactumque

357 3336 402 3384 a
434 3337 539 3384 mc
574 3336 726 3385 cum
777 3317 866 3384 iis
895 3316 1146 3386 initum
1197 3336 1329 3386 non
1364 3313 1567 3407 fraqi.
1612 3344 1647 3379 >³
1707 3314 1830 3386 Cui
1884 3314 2210 3407 respondi
2255 3338 2268 3384 :
2317 3342 2351 3378 c<
2386 3313 2526 3384 Ad-

422 3545 494 3606 (1)
528 3513 692 3609 ΙῙΞᾸ
738 3513 885 3589 A&
926 3517 1105 3610 Δξμ
1141 3542 1327 3609 phu-0
1378 3543 1709 3596 verbotenus
1754 3550 1840 3595 est
1888 3561 1899 3596 :
1952 3543 2016 3594 Et
2064 3545 2238 3611 moqis
2283 3546 2531 3611 colliqavz'

352 3655 520 3706 super
547 3654 634 3694 me
674 3644 948 3704 nebulam,
975 3643 1057 3695 vel
1102 3643 1410 3709 caliqinem.
1451 3643 1680 3696 Nomine
1716 3643 1862 3695 enim
1898 3613 2065 3709 ¹²⁰3}ss
2100 3651 2213 3696 tum
2250 3646 2529 3704 nebulam,

353 3738 579 3791 eamque
604 3728 850 3787 densam,
877 3732 992 3778 tum
1017 3727 1332 3792 caliginem,
1361 3726 1622 3792 primario
1649 3725 1943 3793 significari
1970 3739 2133 3792 posse
2169 3727 2365 3779 docent
2406 3727 2533 3778 lexi-

257 3872 278 3883 ἶ
353 3811 629 3876 cographi.
663 3809 883 3875 Legeuti
908 3815 1091 3861 autem
1119 3817 1265 3874 patet
1291 3822 1477 3863 vocem
1504 3810 1591 3861 hic
1618 3809 1932 3861 translative
1957 3810 2099 3862 sumi
2124 3810 2192 3860 de
2213 3824 2349 3862 cura
2370 3809 2532 3874 yram·

354 3902 451 3942 seu
475 3890 722 3942 tristitia.
750 3894 931 3955 Neque
956 3904 1098 3944 nova
1123 3892 1204 3943 vel
1233 3891 1476 3944 inaudita
1515 3891 1830 3959 hujusmodi
1870 3892 2185 3957 metaphora
2211 3898 2311 3943 est.
2347 3893 2439 3956 tta,
2472 3898 2533 3943 ut

353 3973 457 4027 hoc
479 3981 621 4037 utar,
647 3975 702 4026 in
729 3989 882 4028 more
907 3983 1192 4042 poetarum
1219 3976 1458 4043 positum
1487 3983 1571 4029 est
1595 3982 1656 4029 ut
1679 3976 1988 4029 maestitiam
2028 3976 2303 4042 appellent
2341 3975 2530 4027 nubila

349 4057 566 4121 frontis,
594 4064 894 4123 notumque
919 4058 1180 4112 omuibus
1208 4059 1345 4112 iliud
1371 4060 1578 4114 Horatii
1601 4077 1614 4112 ;
1641 4063 1766 4113 Post
1789 4059 2026 4125 equitem
2053 4059 2204 4111 sedet
2227 4065 2348 4111 acra.
2374 4071 2526 4111 cura.

420 4140 491 4202 (2)
528 4142 714 4193 naun.
745 4143 902 4203 xvu,
931 4144 1020 4204 193
1049 4143 1179 4203 xxl,
1204 4142 1285 4194 21.

417 4224 492 4285 (3)
531 4221 692 4282 inid„
722 4225 986 4285 xv11,19.

418 4305 491 4365 (4)
530 4304 698 4356 Lavit.
728 4306 895 4368 XXVI,
919 4310 1004 4357 44.
