3175 5084
1263 459 1702 527 -151-

398 642 500 721 na
532 666 734 738 rayno
775 649 1166 730 Per-saram,
1209 647 1396 725 venit
1426 649 1722 723 Romilia
1754 649 1837 721 do
1863 649 2084 730 benis,
2126 655 2201 719 ut
2247 668 2330 720 ex
2365 646 2568 740 hujus

400 766 646 834 tenore
683 761 1057 854 perspicue
1105 757 1494 854 colligitur;
1553 781 1682 835 nec
1731 759 2075 837 diffitebor
2109 782 2269 856 ego,
2311 762 2374 834 si
2409 763 2568 856 quis

405 875 565 951 loeo
602 874 781 955 tituli
823 901 839 951 ε
880 879 986 959 no,
1009 879 1312 967 gentium
1363 878 1895 960 conversatione,
1936 877 2302 970 legendum
2338 877 2568 969 conje-

404 990 584 1063 cerit
623 1015 638 1065 :
681 995 776 1065 De
807 997 1109 1083 gentium
1143 993 1598 1076 conversione,
1639 988 1736 1064 ita
1786 1001 1861 1065 ut
1911 991 2200 1084 quadret
2243 991 2571 1067 indicatio

405 1105 477 1177 in
536 1109 1101 1183 ,Dissertationum
1160 1109 1245 1179 dc
1309 1109 1624 1199 {lentibus
1688 1128 1842 1198 quoe
1906 1116 2071 1179 sunt
2139 1108 2277 1179 loco
2336 1109 2573 1198 populi

403 1224 800 1297 Israelitici.
839 1224 1007 1299 Duae
1063 1222 1342 1316 quidem
1406 1221 1900 1315 inscriptiones
1958 1229 2329 1315 sequentes
2396 1247 2415 1294 ε
2480 1225 2576 1295 De

402 1358 613 1411 sensu
657 1340 932 1423 animae,
974 1341 1069 1410 Da
1113 1339 1610 1411 comte-iconam
1657 1339 2108 1420 tabernaculi,
2164 1337 2575 1430 quibusnam

404 1471 494 1524 ex
561 1454 880 1543 Epistol&
935 1451 1281 1546 Sapientis
1342 1452 1573 1529 Persae
1634 1452 2068 1535 conveniant,
2130 1452 2307 1525 haud
2377 1453 2577 1528 facile

408 1567 773 1667 quisquam
810 1567 1176 1640 definierit.
1218 1569 1468 1641 Verum
1504 1568 1749 1640 isthaec
1784 1577 1855 1640 et
1889 1568 2019 1640 alia
2053 1568 2283 1653 etiam,
2324 1570 2387 1641 si
2422 1592 2578 1662 quae

408 1682 578 1766 sint,
638 1703 793 1789 quae
840 1683 909 1752 in
961 1681 1292 1756 Gennadii
1345 1682 1745 1755 testimonio
1790 1682 2151 1767 deficiant,
2203 1683 2576 1771 abundent,

409 1798 516 1869 vel
585 1797 982 1891 discrepent
1047 1798 1131 1870 ab
1200 1797 1501 1870 editione
1569 1798 2000 1892 Wrightiana
2032 1852 2053 1882 ,
2126 1819 2208 1871 ex
2277 1800 2580 1873 auctoris

411 1913 689 1985 inscitia
730 1922 802 1986 et
852 1923 1236 2007 temporum
1289 1934 1370 1987 ac
1423 1915 1732 1986 locorum
1783 1915 2109 1987 distantia
2159 1915 2582 1989 sufficienter

409 2030 841 2122 explicantur
873 2026 974 2127 (ι),
1017 2051 1239 2122 neque
1275 2029 1475 2111 alicui
1515 2029 1763 2123 exinde
1801 2032 1961 2104 lieet
2011 2052 2262 2126 negare
2299 2024 2579 2105 eosdem

412 2143 780 2237 utrobique
816 2152 1145 2217 tractatus
1183 2146 1555 2217 recenseri.

514 2259 591 2328 In
640 2258 1147 2350 exemplaribus
1200 2266 1335 2330 tam
1388 2266 1617 2330 textus
1668 2259 1928 2354 Syriaci
1984 2280 2187 2352 quam
2236 2261 2582 2333 versionis

415 2374 861 2463 Armeniacae,
896 2376 1207 2449 Homiliis
1241 2375 1670 2467 praeponitur
1700 2377 2001 2465 Epistola
2035 2374 2160 2447 viri
2197 2375 2576 2467 cujusdam,

412 2492 534 2584 qui
594 2490 1002 2583 Aphraatem
1064 2500 1263 2585 rogat
1323 2498 1396 2562 ut
1457 2511 1534 2562 se
1598 2489 1733 2563 fide
1794 2490 2164 2562 christiana
2226 2491 2576 2575 instituat,

386 2628 726 2701 ⁴(quaenam
779 2627 989 2698 opera
1039 2606 1125 2677 ad
1182 2605 1340 2678 fidei
1399 2606 1890 2698 perfectionem
1946 2605 2383 2699 requirantur
2417 2607 2582 2680 edo-

413 2732 590 2803 ceat,
633 2741 913 2813 suaeque
965 2722 1201 2803 menti,
1261 2720 1804 2793 dubitationibus
1856 2721 2296 2812 perturbatae,
2346 2743 2583 2815 pacem

417 2837 655 2909 afferat
690 2845 759 2908 et
805 2836 1390 2930 tranquillitatem.
1436 2835 1566 2923 Qui
1623 2836 1769 2909 haec
1821 2837 2150 2927 postulat,
2194 2836 2261 2909 in
2297 2838 2583 2913 transla-

416 2952 606 3024 tione
682 2949 1085 3023 Armeniaca
1161 2958 1444 3022 vocatur
1523 2949 1901 3044 Gregorius
1972 2950 2422 3023 Illuminator.
2496 2953 2588 3025 At

418 3066 847 3139 clarissimus
887 3064 1001 3137 ille
1036 3065 1376 3136 Armeniae
1411 3064 1770 3158 apostolus
1798 3063 1937 3155 jam
1974 3085 2152 3137 anno
2189 3063 2361 3151 332,
2394 3066 2587 3158 juxta

424 3182 760 3264 Sassium,
802 3202 839 3251 e
875 3180 1009 3252 vita
1046 3179 1374 3258 decessit.
1418 3199 1497 3250 ac
1531 3178 1822 3271 proinde
1870 3179 2020 3250 fieri
2057 3200 2191 3251 non
2243 3182 2469 3273 potuit
2516 3193 2592 3255 ut

424 3301 945 3370 Dissertationes
999 3297 1199 3369 annis
1255 3294 1610 3381 336·337‚
1652 3294 1977 3367 343-344
2015 3306 2084 3369 et
2122 3295 2267 3369 345
2302 3308 2592 3374 exaratae

419 3415 503 3486 ad
545 3414 766 3506 ipsum
820 3412 1306 3506 dirigerentur.
1353 3414 1570 3484 Porro
1625 3433 1663 3484 e
1716 3412 2204 3505 manuscriptis
2255 3414 2584 3507 Syriacis,

420 3550 575 3601 cum
612 3527 815 3620 primi
851 3530 1168 3618 Epistoloe
1207 3548 1452 3599 versus
1508 3527 1575 3597 in
1615 3526 1703 3598 iis
1740 3527 2164 3610 evanuerint,
2205 3526 2586 3622 interroga-

421 3643 598 3716 toris
649 3663 899 3715 nomen
958 3642 1327 3735 comperiri
1379 3641 1645 3736 nequit.
1709 3640 2066 3733 Conjicere
2117 3650 2340 3714 tamen
2397 3643 2586 3729 licet,

423 3759 830 3854 Gregorium
895 3780 1048 3831 eum
1109 3760 1521 3852 appellatum
1585 3780 1783 3842 esse,
1851 3758 2149 3853 indeque
2206 3759 2458 3833 factum
2519 3770 2595 3833 ut

424 3873 796 3947 translator
849 3872 1297 3947 Armeniacus
1357 3894 1510 3946 eum
1570 3863 1630 3945 a‘
1680 3873 2018 3967 Gregorio
2081 3873 2549 3948 Illuminatore
2571 3932 2590 3960 ‚

428 3988 743 4061 doctrina
780 3998 848 4062 et
884 3988 1236 4063 laboribus
1273 3988 1679 4082 apostolicis
1713 3988 2070 4062 exantlatis
2114 3988 2612 4075 celeberrimo,x

514 4230 588 4292 (1)
621 4227 738 4281 Vid.
763 4240 910 4295 sup„
933 4241 988 4294 p.
1014 4229 1127 4281 ¹³⁶.
