3175 5084
1555 510 2010 578 „338-

694 725 841 777 eam
869 701 1324 793 reprehendet
1359 721 1693 794 unquam;
1725 721 1879 793 quae
1906 700 2087 771 enim
2107 699 2250 792 jam
2279 709 2534 773 vastata
2561 709 2696 787 est,
2732 723 2864 775 nec

692 813 1161 912 redarguitur,
1202 837 1331 888 nec
1366 816 1450 887 ad
1491 816 1657 886 iram
1694 825 2047 908 provocat.
2092 817 2308 890 Porro
2355 818 2472 911 qui
2522 818 2724 891 nobis
2769 818 2863 891 ita

692 934 1164 1007 conviciantur
1201 957 1217 1005 ε
1264 960 1300 998 «
1334 932 1822 1006 Vexationibus
1867 934 2147 1007 obnoxii
2194 935 2366 1008 estis
2418 957 2639 1030 neque
2685 935 2855 1010 libe·

694 1048 963 1130 ramini,
1003 1076 1039 1112 »
1078 1047 1487 1120 erubescant
1512 1047 1648 1140 ipsi
1678 1048 1864 1141 quod
1893 1050 2133 1143 quavis
2157 1058 2355 1124 aetate
2391 1051 2855 1145 persecutioni

693 1164 1179 1256 subjacuerunt
1223 1171 1292 1234 et
1342 1162 1500 1234 anni
1552 1164 1748 1235 multi
1801 1164 1976 1257 lapsi
2021 1174 2182 1237 sunt
2224 1175 2585 1260 antequam
2634 1166 2858 1260 eripe·

692 1290 955 1352 rentur.
1006 1278 1335 1351 Israelitae
1385 1275 1528 1349 225
1577 1299 1796 1351 annos
1844 1274 1921 1376 (1)
1970 1279 2035 1350 in
2083 1283 2381 1375 AEgypto
2428 1281 2852 1367 servierunt;

693 1419 815 1469 eos
850 1405 1159 1489 tempore
1212 1397 1424 1467 Barac
1476 1405 1544 1468 et
1597 1386 1887 1468 Deborae
1938 1396 2324 1470 Madianitae
2375 1396 2854 1489 subjecerunt;

691 1513 938 1583 iisdem
975 1510 1318 1591 Moabitae,
1361 1509 1428 1578 in
1467 1508 1714 1582 diebus
1747 1507 2004 1595 Achor,
2037 1509 2472 1594 Ammonitae‚
2507 1511 2576 1581 in
2613 1511 2856 1583 diebus

690 1626 1005 1718 Nephtah
1044 1623 1147 1718 (ε),
1216 1623 1625 1708 Philisthaei,
1696 1624 1764 1694 in
1826 1623 2072 1698 diebus
2130 1625 2510 1708 Samsonis,
2555 1625 2857 1720 itemque

689 1742 843 1812 Heli
896 1750 965 1812 et
1016 1728 1351 1811 Samuelis
1396 1739 1778 1832 prophetae,
1831 1739 2140 1831 Idumaei,
2184 1740 2252 1810 in
2289 1740 2534 1811 diebus
2584 1738 2847 1825 Achab,

687 1867 751 1929 et
817 1856 1045 1927 lturaei
1076 1912 1094 1937 ,
1177 1854 1242 1925 in
1320 1853 1565 1926 diebus
1627 1854 1974 1937 Ezechiae,
2052 1855 2381 1927 dominati
2458 1864 2643 1927 sunt.
2711 1858 2850 1927 Eos

685 1993 805 2043 rex
849 1970 1219 2064 Babylonis
1264 1991 1301 2042 e
1345 1970 1632 2062 regione
1684 1970 1992 2062 ipsorum
2047 1971 2416 2044 eradicavit
2467 1980 2670 2064 atque
2706 1971 2853 2043 dis-

684 2086 929 2178 persit.
1014 2085 1101 2158 At
1163 2086 1473 2179 quamvis
1540 2086 1725 2158 Deus
1793 2085 1950 2157 illos
2021 2085 2389 2178 plurimum
2461 2085 2856 2178 probaverit

683 2211 885 2295 atque
920 2202 1387 2296 castigaverit,
1429 2222 1564 2273 non
1604 2209 1766 2273 sunt
1802 2201 2177 2285 emendati;
2220 2201 2406 2295 quod
2444 2203 2548 2274 eis
2597 2224 2849 2296 expro-

683 2317 833 2388 brat
869 2313 942 2413 (3)
985 2342 1000 2389 :
1043 2315 1249 2387 Filios
1285 2326 1434 2388 tuos
1482 2313 1756 2409 frustra
1800 2319 2148 2406 percussi,·
2205 2320 2682 2388 cowectionem
2717 2339 2853 2388 non

680 2442 1112 2523 acceperunt.
1155 2432 1239 2502 Et
1292 2431 1536 2502 iterum
1575 2427 1650 2527 (4)
1691 2456 1706 2503 :
1755 2433 2061 2502 Dissecui
2104 2432 2472 2522 prophetas
2522 2444 2588 2503 et
2637 2435 2854 2504 occidi

679 2571 787 2619 eos
825 2551 1015 2620 verbo
1041 2552 1178 2619 oris
1207 2552 1361 2620 mei.
1398 2548 1945 2642 Hierosolymam
1983 2547 2143 2618 alibi
2181 2548 2285 2620 sic
2321 2545 2789 2646 compellatus)
2826 2576 2840 2621 :

681 2665 1033 2734 Doloribus
1084 2676 1151 2733 et
1192 2665 1419 2754 plaqis
1453 2664 1756 2747 erudire,
1798 2665 2283 2755 Hierosolyma,
2324 2685 2411 2734 ne
2458 2660 2634 2757 forte
2668 2685 2849 2735 rece-

681 2781 800 2848 dat
847 2800 891 2847 a
940 2789 1003 2848 te
1051 2781 1286 2848 anima
1335 2799 1508 2849 mea.
1570 2777 1678 2846 Illi
1729 2785 1951 2848 autem
2015 2777 2227 2848 Deum
2290 2778 2722 2871 reliquerunt
2780 2788 2850 2850 et

681 2892 864 2964 idola
899 2893 1285 2976 coluerunt,
1327 2900 1533 2985 prout
1584 2892 1671 2963 de
1723 2891 1811 2962 iis
1865 2900 2154 2963 testatur
2200 2892 2535 2963 Jeremias
2572 2888 2647 2989 (6)
2690 2916 2705 2966 :
2746 2895 2848 2965 Ite

681 3009 772 3079 ad
819 3009 1088 3078 insulas
1137 3009 1569 3099 longinquas,
1622 3009 1697 3077 in
1748 3007 1967 3094 Cedar
2011 3009 2290 3089 mittite,
2342 3008 2576 3078 sedulo
2624 3018 2845 3079 atten-

676 3123 841 3204 dite,
908 3133 972 3192 et
1035 3123 1255 3192 videte
1303 3144 1468 3192 num
1527 3123 1622 3192 sit
1681 3121 1949 3211 aliquid
1997 3123 2160 3191 huic
2211 3124 2312 3191 rei
2360 3123 2612 3205 simile,
2679 3144 2845 3193 num

674 3248 901 3328 gentes
960 3239 1113 3309 deos
1171 3259 1352 3323 suos,
1415 3239 1570 3310 deos
1633 3241 1870 3328 utique
1930 3241 2196 3321 inanes,
2264 3249 2696 3311 commutent.
2761 3243 2847 3310 Et

676 3363 899 3422 tamen
947 3354 1236 3442 populus
1288 3373 1475 3422 meus
1525 3355 1818 3422 mutavit
1871 3354 2159 3443 qloriam
2207 3374 2406 3423 suam
2453 3357 2527 3424 in
2589 3356 2841 3426 idolum

673 3466 946 3536 inutile.
1009 3467 1487 3557 obstupescite,
1543 3468 1720 3544 coeli.
1776 3468 1859 3539 de
1917 3470 2047 3538 hac
2107 3489 2181 3538 re
2235 3470 2730 3540 contremiscite
2779 3481 2843 3539 et

709 3687 804 3818 ¹51)
841 3688 939 3819 1)ιὲ
963 3687 1081 3752 225,
1106 3699 1291 3753 supra,
1315 3701 1439 3757 pag.
1466 3690 1583 3749 312,
1610 3689 1779 3742 habes
1801 3690 2051 3743 sosoma
2075 3690 2236 3744 lectio
2264 3691 2372 3743 utri
2399 3691 2471 3745 sit
2496 3691 2838 3758 praet'erenda

674 3781 706 3820 a
729 3780 814 3821 ms
838 3767 890 3822 vi
930 3767 1051 3821 erit.

738 3852 817 3915 (Ξ)
851 3854 1020 3917 Quem
1077 3854 1297 3920 Vulgata
1350 3854 1564 3920 Jepme,
1631 3854 1884 3909 eumdem
1929 3855 2111 3910 versio
2157 3854 2397 3924 Simplex
2443 3864 2500 3911 et
2542 3859 2844 3925 Aphraates

670 3949 881 4013 »nb-³³,
902 3949 1179 4015 Nepntan,
1204 3949 1407 4018 ubique
1430 3952 1734 4005 nominant.

738 4036 813 4098 (3)
845 4037 1044 4087 Jerem.
1075 4035 1249 4096 luzo,

737 4117 811 4181 (4)
847 4117 999 4169 Oseae
1025 4118 1107 4178 vl,
1133 4119 1185 4169 δ.

738 4199 813 4261 (5)
844 4199 1045 4250 serem.
1071 4199 1158 4261 vl,
1183 4200 1233 4250 8.

737 4282 810 4344 (8)
842 4283 1037 4333 Jercm.
1065 4283 1132 4344 11,
1162 4284 1332 4335 1043.
