3175 5084
72 3 225 38 nm!
282 1 325 39 ,ἢ

194 54 205 63 .-

204 74 213 83 'k

1310 471 1708 517 ...1x...

417 658 742 711 sermone
786 638 1012 711 minus
1071 638 1441 712 sollicitus
1502 637 1714 730 Cujus
1763 638 2261 733 interpretandi
2311 638 2601 715 rationis

417 770 778 863 specimen
814 775 1083 864 prostat
1117 769 1188 842 in
1225 770 1478 865 opellae
1512 772 2045 858 Introductione,
2085 772 2205 844 ubi
2242 793 2280 845 e
2316 771 2601 866 regione

416 901 896 975 translationis
948 901 1209 976 Latinae
1263 909 1524 976 textum
1569 902 2059 998 primigenium
2122 902 2443 976 consulto
2486 925 2605 997 ap-

416 1031 653 1122 posui.
721 1031 997 1118 Postea,
1065 1053 1153 1107 ne
1218 1034 1733 1107 Dissertationis
1796 1010 2016 1108 m⁰oles
2085 1033 2262 1106 ultra
2323 1032 2600 1106 modum

420 1172 799 1249 cresceret,
854 1164 1066 1238 verba
1116 1164 1396 1260 Syriaca
1448 1165 1517 1238 in
1571 1165 1873 1239 medium
1930 1187 2069 1239 non
2132 1163 2412 1248 adduxi,
2463 1164 2600 1237 nisi

418 1296 794 1388 peculiaris
846 1298 1020 1372 ratio
1072 1297 1143 1370 id
1195 1298 1581 1372 faciendum
1636 1298 1993 1385 suadebat,
2032 1304 2223 1391 puta,
2265 1297 2384 1371 ubi
2433 1297 2599 1371 doc-

417 1426 602 1499 trina
668 1427 1030 1522 Aphraatis
1113 1437 1428 1504 accurate
1505 1428 1955 1524 proponenda
2021 1429 2170 1503 fuit.
2246 1431 2321 1500 In
2387 1428 2599 1502 variis

420 1568 649 1633 autem
695 1560 872 1635 locis
917 1561 1184 1657 syriace
1232 1561 1602 1636 afferendis
1646 1562 1823 1635 hanc
1870 1561 2039 1634 mihi
2097 1561 2324 1657 legem
2358 1561 2591 1655 posui,

421 1697 500 1760 ut
546 1691 635 1761 cl.
690 1692 775 1762 D.
818 1691 1095 1786 Wright
1146 1690 1519 1765 editionem
1571 1691 2025 1787 exprimerem
2078 1713 2282 1786 quam
2335 1691 2596 1766 fidelis·

419 1822 620 1895 sime.
666 1822 889 1910 Quum
924 1829 1147 1896 tamen
1185 1825 1535 1919 pleraeque
1570 1823 1945 1899 lectionum
1993 1823 2477 1918 discrepantiae
2513 1823 2597 1896 ab

419 1950 544 2023 illo
580 1950 1115 2047 diligentissime
1149 1959 1489 2027 annotatae
1525 1954 1611 2026 ad
1648 1953 2057 2029 sententiam
2106 1952 2280 2025 nihil
2315 1954 2591 2038 faciant,

416 2105 675 2176 paucas
703 2085 1005 2171 demum,
1026 2107 1180 2180 quae
1209 2087 1537 2161 momenti
1563 2068 1816 2162 habent
1843 2108 1922 2160 ac
1946 2087 2279 2181 ponderis
2303 2085 2590 2180 aliquid,

418 2218 558 2291 ima
589 2219 840 2314 pagina
873 2220 1250 2294 exhibebit.

523 2355 890 2441 Caeterum,
929 2357 1115 2452 quod
1160 2358 1445 2432 Lovanii
1497 2357 1774 2432 libellus
1831 2381 2026 2433 meus
2076 2361 2294 2454 praelo
2346 2359 2595 2451 subjici

417 2487 749 2577 potuerit,
819 2489 1124 2563 muneris
1182 2488 1315 2563 hoc
1374 2489 1505 2564 fuit
1563 2490 1669 2564 111.
1730 2492 1813 2564 D.
1874 2491 2155 2578 Beelen,
2210 2491 2329 2586 qui
2391 2497 2596 2586 typos

417 2617 727 2711 propriis
756 2618 1148 2713 sumptibus
1165 2618 1577 2714 jampridem
1609 2632 2071 2716 comparatos,
2104 2645 2233 2718 pro
2260 2622 2596 2718 singulari

417 2746 630 2818 animi
665 2747 1136 2842 propensione
1171 2770 1305 2843 qua
1353 2749 1619 2825 litteras
1672 2752 1989 2849 Syriacas
2031 2752 2406 2848 harumque
2449 2754 2594 2826 cul·

417 2886 611 2951 tores
671 2883 947 2974 semper
1005 2888 1418 2974 prosecutus
1466 2892 1601 2969 est,
1651 2883 1819 2956 mihi
1872 2884 2361 2959 humanissime
2404 2907 2593 2959 com-

415 3008 744 3083 modavit.

519 3138 656 3212 Sed
693 3139 841 3213 haec
877 3141 1234 3216 hactenus.
1276 3144 1519 3236 Neque
1552 3144 1740 3216 enim
1792 3143 2043 3237 opinor
2092 3164 2382 3219 necesse
2435 3168 2592 3220 esse

416 3280 496 3345 ut
579 3272 853 3365 tyronis
939 3277 1283 3368 opusculo
1359 3275 1663 3349 virorum
1753 3276 2179 3351 eruditorum
2258 3298 2594 3373 apprecer

410 3405 875 3479 clementiam.

2120 3545 2388 3598 Aneros.
