3175 5084
1481 487 1929 552 ...184-

613 678 1049 769 Vologesem‚
1100 696 1238 747 non
1299 677 1522 749 solum
1575 686 2063 749 commemorat
2124 675 2495 749 secundam
2543 676 2779 747 obses-

616 793 882 865 sionem
935 813 1112 865 anno
1165 790 1308 863 346
1361 792 1491 863 sub
1545 793 1839 865 Babuaeo
1897 792 2238 864 accidisse
2273 802 2343 864 et
2379 789 2509 864 sub
2544 791 2785 863 eodem

617 909 872 982 bellum
909 908 1261 982 Persicum
1289 914 1564 1002 gestum
1605 928 1791 994 esse,
1826 907 1956 991 sed
1988 907 2192 981 etiam
2220 928 2549 1001 expresse
2586 907 2789 980 docet

617 1025 749 1098 sub
807 1023 1065 1097 Jacobo
1124 1045 1360 1117 pacem
1418 1025 1638 1098 fuisse
1703 1031 1772 1098 et
1831 1024 2108 1097 nonnisi
2160 1045 2314 1096 cum
2378 1022 2598 1117 ipsius
2652 1022 2788 1095 fine

618 1142 878 1214 finitam
915 1161 1097 1214 esse.

717 1260 930 1347 Quam
966 1265 1188 1331 autem
1224 1279 1738 1352 propugnamus
1782 1258 1869 1331 de
1912 1268 2222 1352 tempore
2266 1256 2510 1329 mortis
2561 1258 2634 1329 S.
2674 1259 2786 1328 Ja-

619 1376 772 1449 cobi
808 1375 1249 1468 positionem,
1283 1394 1362 1447 ea
1395 1396 1530 1447 non
1561 1374 2002 1449 labefactatur
2037 1375 2097 1448 si
2136 1374 2354 1458 dicas,
2398 1394 2550 1445 cum
2588 1375 2790 1445 Chro-

618 1491 997 1582 noqraphia
1033 1489 1199 1562 Eliae
1224 1489 1536 1561 Nisibeni
1574 1487 1650 1588 (1)
1682 1499 1751 1562 et
1788 1492 2111 1562 Chronico
2146 1491 2473 1562 Edessena
2512 1483 2610 1586 (a),
2651 1509 2788 1560 non

618 1628 772 1679 eum
809 1626 967 1677 esse
994 1604 1305 1676 ordinem
1346 1605 1734 1699 priscorum
1770 1605 2036 1677 Nisibis
2072 1603 2501 1690 Antistitum‚
2533 1611 2608 1675 ut
2633 1611 2791 1674 ante

618 1742 858 1794 omnes
886 1720 1060 1793 alios
1094 1720 1561 1794 recensendus
1599 1722 1692 1794 sit
1727 1721 1797 1792 S.
1833 1720 2158 1803 Iacobus,
2205 1717 2363 1791 dein
2423 1717 2783 1801 BabuaeuS,

619 1846 762 1910 tum
825 1837 1228 1931 Vologeses,
1289 1834 1583 1930 denique
1644 1835 2092 1920 Abrabamus‚
2154 1834 2279 1906 sed
2334 1834 2407 1905 S.
2458 1833 2789 1906 Jacobum

621 1953 915 2024 Babuaeo
948 1951 1528 2044 postponendum.
1575 1952 1765 2023 Hanc
1800 1951 2080 2024 alteram
2134 1947 2632 2023 ordinationem
2678 1969 2791 2021 ve·
2878 2024 2883 2029 ,

622 2067 804 2139 ritati
858 2066 1204 2140 historioae
1253 2088 1388 2139 non
1446 2087 1829 2139 consonare
1878 2065 2212 2137 discimus
2258 2086 2340 2137 ex
2394 2064 2792 2137 testimonio

622 2183 901 2276 Georgii
956 2183 1285 2255 Elmacini
1341 2184 1654 2257 Homaidi
1701 2182 1776 2280 (3)
1822 2192 1890 2256 et
1932 2181 2416 2276 Abulpharagii
2466 2178 2567 2276 (4),
2618 2202 2791 2273 prae·

624 2300 862 2373 sertim
898 2320 1061 2371 vero
1098 2299 1169 2370 S.
1206 2299 1544 2391 Ephraemi
1586 2300 1651 2369 in
1690 2298 1838 2371 suis
1873 2301 2156 2391 Hymnis
2181 2299 2539 2371 Nisibeni-5.
2573 2297 2791 2369 Porro

626 2425 699 2489 ut
733 2438 1040 2511 quaenam
1094 2414 1299 2487 fuerit
1352 2416 1579 2510 Magni
1636 2416 1957 2488 Doctoris
2012 2415 2137 2487 hac
2186 2415 2273 2486 de
2326 2435 2400 2486 re
2453 2415 2792 2486 sententia

626 2532 947 2605 omnibus
982 2538 1289 2626 apertum
1328 2539 1527 2625 atque
1566 2516 2000 2604 manifestum
2038 2530 2178 2614 fiat,
2221 2530 2422 2602 liceat
2468 2529 2792 2601 nonnulla

627 2671 708 2722 ex
744 2647 1078 2742 praedicto
1113 2647 1411 2720 carmine
1447 2648 1606 2717 XIII
1643 2646 1983 2719 adducere
2018 2653 2088 2718 et
2122 2645 2487 2737 explicare.

727 2766 812 2835 Et
847 2762 1409 2857 primoquidem,
1453 2784 1841 2836 sermonem
1876 2763 1988 2839 bic
2025 2783 2182 2834 esse
2216 2762 2302 2834 de
2336 2761 2558 2833 tribus
2603 2762 2788 2853 prio-

624 2880 817 2952 ribus
875 2878 1242 2973 Episcopis
1301 2877 1656 2951 Nisibenis
1714 2876 2167 2976 (quocumque
2217 2856 2489 2953 tandem
2551 2875 2792 2947 ordine

625 2997 798 3068 alius
834 2994 1037 3069 alium
1074 2993 1468 3089 exceperit),
1512 2994 1811 3089 negabit,
1839 3003 1913 3066 ut
1940 2994 2214 3086 opinor,
2257 3013 2457 3063 nemo
2495 2991 2611 3084 qui
2647 2998 2790 3061 tum

623 3111 846 3194 bunc,
903 3118 1046 3182 tum
1099 3110 1603 3203 subsequentes
1655 3109 1963 3202 ejusdem
2025 3107 2457 3180 collectionis
2525 3127 2786 3178 necnon

622 3227 928 3318 ejusdem
989 3225 1372 3319 argumenti
1428 3226 1719 3319 hymnos
1771 3245 1990 3318 usque
2051 3223 2135 3294 ad
2190 3224 2344 3301 XXI
2400 3223 2508 3295 vel
2568 3221 2792 3293 obiter

623 3341 1025 3434 inspexerit.
1098 3341 1253 3412 Non
1322 3342 1545 3412 solum
1610 3341 1679 3411 in
1749 3340 2049 3411 carmine
2113 3339 2297 3411 XVII
2360 3337 2793 3409 nominantur

620 3457 944 3540 Iacobus,
986 3455 1320 3528 Babuaeus
1358 3464 1426 3526 et
1460 3455 1868 3548 VologescS‚
1909 3475 2143 3527 verum
2188 3460 2375 3525 totus
2426 3452 2792 3545 praesentis

623 3572 758 3643 loci
811 3578 1171 3643 contextus
1215 3570 1580 3664 perspicue
1632 3568 1887 3642 indicat
1940 3569 2215 3665 quinam
2267 3569 2609 3641 Praesules
2647 3567 2789 3637 lau-

620 3686 825 3759 dibus
863 3687 1252 3760 efferantur.
1289 3687 1455 3761 Cum
1492 3686 1704 3773 enim,
1747 3708 1817 3759 v,
1860 3708 1969 3781 g..
2014 3686 2317 3759 omnium
2354 3685 2789 3759 sacerdotum

686 3951 759 4013 (¹)
792 3950 891 4015 Ap.
915 3946 1188 4001 Abbeloos
1209 3955 1264 4001 et
1289 3951 1472 4016 Lamy‚
1498 3949 1592 4002 ubi
1619 3961 1806 4015 supra.

689 4031 766 4094 (ἱ)
803 4032 859 4083 Β.
886 4032 946 4083 0.
976 4030 1019 4093 1,
1049 4030 1132 4081 18.

689 4115 768 4178 (5)
805 4112 1029 4167 ibidem.

688 4198 763 4259 (4)
798 4197 863 4250 In
886 4197 1130 4252 Historia
1163 4198 1559 4263 dynastiarum.
1605 4197 1712 4252 cfr.
1755 4197 1973 4261 Bickelt,
2016 4197 2200 4252 carm.
2237 4196 2480 4252 Nisiben.
2524 4196 2790 4264 prolegg„
