3175 5084
1472 458 1886 523 ..96-

595 657 665 720 et
701 649 1020 721 mulieres
1071 650 1139 718 in
1191 649 1413 740 ipsum
1468 649 1834 720 dominatae
1889 657 2073 720 sunt.
2118 647 2480 719 Dominum
2533 638 2808 739 itaque

596 785 732 835 nou
767 764 1153 861 timuimus;
1212 764 1377 857 quid
1429 763 1636 836 faciet
1684 763 1885 836 nobis
1925 764 2088 836 rex?
2123 766 2238 835 Vae
2290 762 2539 855 nobis)
2600 784 2761 855 qua-

596 900 746 950 nam
781 879 1141 972 prudentia
1193 879 1599 972 reliquimus
1655 880 1878 972 legem
1920 887 1990 950 et
2021 878 2299 971 quidam
2336 899 2417 949 ex
2454 877 2654 949 nobis
2692 878 2760 948 in

596 993 950 1086 iniquitate
986 993 1408 1086 gloriantur?
1456 994 1602 1065 Nos
1651 994 1720 1064 in
1775 993 2053 1065 silentio
2092 1002 2159 1064 et
2196 1001 2480 1086 stupore
2516 992 2760 1064 sedere

590 1131 715 1200 par
771 1117 902 1181 est.
968 1109 1156 1180 Dicis
1214 1117 1286 1180 tu
1344 1109 1506 1179 mihi
1578 1134 1592 1179 ε
1658 1111 1861 1192 Veni,
1921 1110 2021 1182 sis
2087 1130 2351 1181 mecum
2411 1109 2760 1202 particeps

589 1223 888 1294 omnium
938 1243 1090 1316 quae
1141 1223 1343 1295 facio,
1401 1222 1669 1295 Idcirco
1717 1223 1785 1293 in
1836 1231 1930 1305 te,
1983 1222 2251 1305 doctor,
2311 1223 2755 1315 adimpletum
2841 1216 2847 1225 ’

587 1346 694 1410 est
728 1339 998 1410 Domini
1037 1339 1254 1409 nostri
1292 1338 1564 1409 effatum
1592 1338 1668 1432 (ι)
1704 1363 1719 1410 :
1758 1340 2082 1410 circuitis
2115 1361 2307 1410 mare
2343 1349 2408 1411 et
2443 1340 2749 1421 aridum,

586 1466 663 1525 ut
713 1475 927 1545 tinum
973 1455 1391 1543 conquiratis
1440 1455 1886 1544 proselytum,
1940 1474 2226 1545 cumque
2280 1456 2459 1525 vobis
2523 1456 2755 1525 adhae-

583 1572 773 1651 serit,
824 1590 978 1640 eum
1020 1569 1307 1640 redditis
1353 1571 1659 1659 gehenna
1715 1571 2027 1660 dignum.
2071 1569 2402 1642 Mentitus
2450 1578 2557 1641 est
2591 1592 2753 1661 pro-

584 1686 789 1775 pheta
837 1692 905 1755 et
951 1684 1222 1756 seduxit
1270 1685 1608 1776 collegam
1660 1707 1892 1767 suum;
1957 1686 2067 1756 hic
2123 1693 2373 1764 autem,
2435 1708 2517 1758 eo
2568 1686 2749 1778 quod

584 1798 682 1867 illi
756 1818 1011 1869 morem
1081 1800 1449 1890 gessisset,
1524 1800 1705 1871 leoni
1777 1801 2068 1872 traditus
2137 1810 2269 1883 est,
2341 1802 2458 1893 qui
2529 1801 2750 1892 ipsius

584 1915 882 1984 membra
938 1915 1300 2008 confregit.
1365 1914 1675 2002 Quande,
1733 1917 1803 1986 in
1853 1917 2097 1988 diebus
2151 1915 2428 1997 Achab,
2485 1917 2750 1987 aberra-

579 2050 738 2100 vere
771 2027 1043 2120 plurimi
1098 2032 1451 2121 prophetae
1504 2039 1572 2101 et
1624 2031 2045 2112 sacerdotes,
2090 2033 2233 2103 Deo
2273 2040 2748 2102 remanserunt

579 2153 842 2236 septem
896 2145 1105 2215 millia
1156 2145 1483 2228 virorum,
1535 2146 1654 2238 qui
1707 2167 1842 2217 non
1898 2155 2263 2217 curvarunt
2315 2167 2538 2238 genua
2591 2154 2745 2216 ante

580 2260 736 2329 Baal
796 2281 1017 2353 neque
1080 2261 1305 2351 ipsum
1376 2260 1852 2332 adoraverunt.
1924 2262 2003 2330 Hi
2043 2319 2058 2342 ,
2127 2283 2303 2353 quos
2362 2282 2488 2331 nec
2562 2261 2743 2331 Elias

580 2381 880 2455 noverat,
925 2374 1320 2445 sacerdotes
1374 2394 1599 2445 caecos
1654 2384 1855 2466 atque
1908 2376 2185 2466 impios,
2227 2376 2309 2444 ad
2366 2375 2741 2467 perniciem

575 2492 965 2569 trahentes,
1051 2509 1187 2559 non
1268 2497 1428 2562 sunt
1506 2490 1750 2560 secuti.
1841 2491 1910 2560 Si
1984 2492 2375 2561 Roboamus
2454 2509 2741 2582 regnum

516 2672 519 2675 .
573 2604 833 2686 divisit,
876 2624 1036 2674 num
1091 2604 1279 2674 illum
1335 2625 1584 2695 sequar
1637 2605 1814 2697 ego?
1853 2644 1947 2657 —-
1982 2603 2179 2676 Absit
2216 2606 2346 2676 hoc
2383 2626 2419 2674 a
2459 2606 2595 2674 me!
2658 2605 2745 2673 Et

573 2720 631 2789 si
667 2720 1114 2790 Jeroboamus
1147 2721 1356 2790 Deum
1396 2740 1591 2790 suum
1630 2720 1931 2811 reliquit,
1970 2741 2126 2791 num
2165 2720 2386 2810 ipsius
2424 2717 2741 2810 vestigiis

574 2833 887 2904 instabo?
928 2874 1018 2884 —
1056 2832 1160 2903 Ab
1214 2833 1367 2904 istis
1420 2833 1723 2924 peccatis
1776 2855 1973 2905 serva
2026 2855 2158 2916 me,
2205 2835 2386 2905 Deus
2432 2854 2648 2904 meus,
2700 2862 2736 2896 »

669 2950 833 3019 Haec
883 2947 1281 3040 singillatim
1336 2946 1720 3038 expendere
1775 2957 1842 3018 et
1894 2970 1972 3020 ea
2007 2957 2318 3018 accurate
2358 2967 2734 3039 exponere,

572 3084 723 3155 quae
761 3064 853 3132 ibi
891 3083 1029 3133 non
1065 3070 1198 3132 tam
1235 3069 1467 3153 aperte
1520 3062 1992 3154 exprimuntur
2044 3083 2243 3154 quam
2281 3070 2460 3132 tecte
2499 3061 2735 3153 potius

519 3235 522 3238 .
569 3198 646 3247 ac
682 3177 1054 3268 prudenter
1090 3175 1591 3268 significantur,
1640 3176 1707 3244 iu
1747 3178 2071 3267 praesenti
2109 3197 2245 3246 non
2295 3182 2508 3246 vacat.
2556 3175 2736 3246 Satis
2787 3238 2798 3243 -

569 3293 659 3362 sit
730 3292 896 3362 illud
967 3291 1371 3374 advertisse,
1447 3290 1630 3382 quod
1696 3292 2171 3383 unusquisque
2239 3290 2461 3382 primo
2533 3291 2732 3382 quasi

568 3408 814 3493 intuitu
852 3407 1060 3489 videt,
1104 3427 1336 3477 eorum
1375 3407 1675 3479 omnium
1714 3407 1831 3497 qui
1868 3413 2276 3498 potestatem
2316 3407 2385 3475 in
2418 3403 2742 3489 Ecclesia.

567 3530 885 3598 exercent
920 3521 1226 3592 defectus
1281 3530 1347 3590 et
1401 3521 1636 3612 culpas
1690 3520 1919 3592 verbis
1955 3519 2276 3612 gravibus
2329 3541 2408 3589 ac
2462 3520 2725 3591 severis

566 3636 912 3730 redargui.
956 3637 1122 3706 Post
1174 3655 1251 3706 ea
1301 3656 1462 3706 vero
1519 3656 1671 3727 quae
1725 3636 2076 3726 hucusque
2112 3635 2311 3705 allata
2348 3642 2533 3717 sunt,
2579 3635 2729 3727 plu-

566 3753 756 3823 ribus
792 3751 934 3844 agit
970 3750 1256 3843 Sapiens
1311 3751 1519 3820 Persa
1569 3748 1655 3820 de
1709 3750 2064 3821 vocatione
2110 3749 2367 3832 divina,
2410 3749 2559 3819 sine
2596 3771 2729 3840 qua

565 3887 833 3939 sacrum
871 3865 1322 3937 ministerium
1359 3865 1714 3956 suscipere
1753 3864 1976 3956 possit
2011 3884 2209 3935 nemo
2247 3865 2353 3934 vel
2390 3863 2583 3934 obire
2619 3860 2721 3959 (2),

567 3984 908 4074 multaque
944 3980 1074 4055 alia
1115 3980 1554 4073 persequitur
1603 3980 1690 4051 de
1744 4000 1911 4071 pace
1965 3990 2031 4050 et
2086 3979 2459 4049 humilitate
2496 3999 2533 4047 a
2571 4000 2726 4071 pas-

629 4201 698 4260 (ι)
735 4200 878 4250 Mau.
902 4168 1085 4260 xxm,
1115 4155 1194 4250 ¹³5.

628 4281 700 4344 (Ξ)
737 4279 760 4343 5
789 4281 865 4332 ιο.
