3175 5084
78 12 129 63 2·-
250 0 312 63 :⁷
374 0 465 39 ’Ὗ-
498 6 519 23 ··
622 36 633 55 ι
1270 16 1281 37 1
1596 0 1617 15 ³
2271 0 2374 25 ·“·

32 230 43 241 Ι
156 204 165 213 Ι
1314 242 1323 251 ⁴
2445 232 2452 245 x

24 484 27 523 f

24 532 27 559 l

1244 515 1658 579 ...11-

351 698 786 791 respondere
812 696 1470 790 interrogationibus
1503 698 1643 769 tuis
1678 696 1762 769 ad
1799 719 1907 770 me
1936 698 2245 771 directis.
2285 700 2533 785 Quam-

353 834 567 906 quam
600 811 1032 905 propositum
1076 818 1185 883 est
1235 811 1581 905 praecipua
1633 819 1893 884 tantum
1947 813 2171 905 capita
2222 813 2532 906 quaedam

351 925 443 997 de
470 947 879 1018 unaquaque
916 947 997 996 ex
1025 924 1266 996 ordine
1287 926 1573 1019 agitare,
1611 947 1722 1011 ne,
1760 926 1823 998 si
1852 927 2076 998 omnia
2095 927 2532 1020 singularum

351 1042 819 1135 quaestionum
863 1049 1127 1113 tuarum
1163 1041 1395 1125 verba,
1439 1049 1646 1134 prout
1683 1041 1944 1133 jacent,
1987 1042 2404 1136 expendero,
2447 1042 2532 1111 ad

352 1156 609 1228 molem
649 1176 959 1248 magnam
996 1164 1350 1227 excrescat
1384 1156 1606 1227 oratio
1635 1163 1703 1227 et
1729 1156 1979 1228 exinde
2007 1138 2292 1249 propter
2327 1156 2534 1227 satie-

350 1279 565 1343 tatem
637 1271 897 1341 nullum
967 1269 1184 1362 pariat
1255 1270 1859 1343 oblectamentum.
1933 1299 1970 1336 α
2013 1273 2183 1343 Nam
2253 1280 2321 1343 et
2386 1271 2534 1341 haec

354 1383 764 1456 excellentia
802 1384 871 1454 in
910 1404 1226 1455 sermone
1262 1385 1664 1455 naturaliter
1699 1383 2099 1477 requiritur,
2139 1413 2175 1449 »
2206 1384 2301 1455 ait
2336 1382 2535 1455 Basi-

353 1500 493 1570 lius
549 1499 691 1582 ille,
748 1519 976 1570 rerum
1030 1498 1408 1570 divinarum
1471 1500 1807 1591 sapientia
1867 1500 2315 1592 conspicuus,
2369 1526 2405 1563 «
2459 1506 2537 1575 ut

351 1614 598 1705 paucis
660 1606 899 1684 verbis
945 1613 1153 1682 multa
1214 1612 1598 1705 significem
1648 1641 1683 1677 »
1750 1613 1947 1706 quasi
2011 1613 2301 1696 diceret,
2359 1612 2536 1683 hanc

234 1734 241 1743 “
354 1748 518 1801 esse
577 1726 1043 1820 praestantiam
1107 1716 1415 1799 scientiae
1476 1737 1544 1799 et
1605 1727 1962 1820 sapientiae
2022 1726 2360 1812 doctoris,
2428 1735 2531 1810 ut,

351 1841 691 1914 vocabula
745 1862 963 1933 pauca
1022 1839 1413 1932 proferenS,
1475 1842 1562 1913 iis
1616 1841 1981 1935 complecti
2046 1842 2273 1934 possit
2332 1853 2536 1932 atque

353 1955 796 2027 manifestare
851 1955 1042 2026 ideas
1095 1963 1163 2026 et
1212 1955 1535 2027 veritates
1587 1958 1856 2027 multas.
1898 1956 2097 2042 Quod
2134 1962 2202 2028 et
2238 1976 2370 2049 ego
2406 1975 2533 2046 pro

352 2071 605 2164 exigua
665 2091 813 2141 mea
872 2070 1192 2141 facultate
1245 2083 1313 2143 et
1375 2071 1665 2142 scientia
1729 2071 1995 2141 faciam.
2067 2072 2243 2141 Hinc
2304 2070 2532 2143 statim

352 2206 773 2278 responsum
808 2185 1206 2278 aggredior.

456 2420 679 2508 Caput
718 2421 1044 2507 primum.
1091 2458 1186 2469 —
1224 2418 1322 2488 De
1368 2417 1517 2489 viro
1573 2419 1694 2489 illo
1740 2417 1858 2511 qui
1914 2424 2195 2489 vocatur
2248 2415 2537 2509 Sapiens

351 2534 592 2616 Persa,
614 2554 653 2602 a
688 2553 825 2624 quo
855 2531 1055 2603 etiam
1083 2528 1263 2602 liber
1297 2532 1548 2624 aliquis
1584 2534 2073 2622 Epistolarum,
2109 2531 2293 2603 varia
2328 2551 2531 2623 argu-

352 2654 586 2720 menta
626 2647 1089 2730 tractantium,
1125 2646 1567 2738 conscriptus
1605 2654 1739 2719 est.

457 2844 795 2951 Quisnam
856 2861 1134 2955 quidem
1190 2861 1396 2932 fuerit
1452 2861 1566 2932 hic
1626 2862 1913 2955 Sapiens
1960 2864 2207 2945 Persa,
2268 2862 2337 2931 id
2397 2871 2532 2945 est,

351 2998 670 3071 quaenam
723 2976 930 3048 fuerit
974 2976 1284 3069 dignitas
1322 2975 1471 3067 ejus
1526 2997 1649 3047 seu
1705 2976 1962 3069 gradus
2022 2976 2093 3046 in
2156 2974 2540 3046 hierarchia

350 3093 852 3177 ecclesiastica,
894 3093 1002 3164 vel
1040 3091 1383 3185 quodnam
1421 3093 1630 3163 fuerit
1680 3091 1829 3182 ejus
1883 3110 2130 3164 nomen
2176 3100 2292 3162 aut
2345 3090 2537 3161 habi-

349 3207 640 3280 tationis
677 3210 898 3291 locuS,
941 3216 1128 3280 certa
1160 3207 1408 3278 fiducia
1441 3207 1673 3278 dicere
1702 3228 1837 3278 non
1864 3227 2262 3300 possumuS.
2299 3207 2539 3298 Neque

353 3324 538 3396 enim
590 3323 768 3416 ipse,
823 3324 892 3393 in
948 3326 1102 3396 loco
1155 3322 1386 3416 aliquo
1440 3322 1600 3393 libri
1659 3343 1862 3415 quem
1923 3321 2340 3414 composuit,
2391 3322 2539 3393 baec

350 3427 479 3510 aut'
530 3438 905 3532 quidquam
953 3440 1198 3510 horum
1250 3438 1452 3509 nobis
1499 3438 1982 3520 manifestavit,
2028 3457 2252 3529 neque
2301 3435 2537 3507 eadem

351 3553 518 3624 alibi
582 3554 841 3645 scripta
902 3552 1123 3624 adhuc
1189 3552 1574 3624 invenimus
1616 3609 1633 3635 ,
1724 3571 1947 3644 neque
2034 3551 2119 3622 ab
2196 3551 2339 3622 ullo
2420 3550 2539 3642 qui

353 3667 668 3760 apprime
704 3688 784 3738 ea
817 3666 1086 3739 noverit
1123 3666 1516 3738 didicimus
1562 3667 1748 3737 Talia
1779 3674 2003 3737 autem
2030 3665 2117 3737 de
2143 3666 2254 3736 his
2284 3673 2543 3737 temere

354 3783 655 3866 effutire,
700 3804 990 3875 quorum
1045 3782 1309 3852 firmam
1372 3782 1892 3875 persuasionem
1943 3780 2080 3852 non
2134 3781 2533 3863 habeamuS,

356 3908 426 3969 et
489 3897 576 3969 de
639 3918 714 3969 re
767 3898 984 3991 loqui,
1046 3898 1208 3969 dum
1261 3919 1341 3969 ex
1405 3898 1640 3977 multis
1703 3918 1856 3990 quae
1920 3896 2005 3968 de
2068 3916 2147 3968 ea
2206 3895 2537 3965 declarari

355 4018 650 4103 possent
691 4032 819 4083 nec
866 4033 1079 4105 pauca
1129 4011 1399 4083 tradere
1452 4013 1781 4095 valemuS,
1825 4031 1961 4083 non
2000 4009 2346 4092 convenit,
2392 4029 2556 4099 mea,

359 4125 666 4217 quidem,
734 4127 916 4199 sicut
985 4135 1051 4198 et
1122 4125 1349 4198 omnis
1419 4126 1719 4197 hominis
1788 4124 2144 4197 veritatem
2215 4123 2530 4207 amantis,

365 4243 730 4313 sententia.
1919 4236 1932 4249 ⁸
