3175 5084
1481 433 1932 499 ...lm-..-

618 620 831 717 igitur
879 627 1013 704 est,
1067 618 1152 692 ab
1181 618 1558 693 ·bistoricis
1610 629 1753 693 tum
1804 620 2022 716 Syris,
2075 628 2219 693 tum
2271 621 2564 705 Graecis,
2626 621 2774 715 qui,

619 736 960 831 prraemi
1009 735 1433 830 temporibus
1480 735 1802 830 proximi,
1849 735 2233 831 discipulos
2291 737 2440 830 ejus
2490 736 2780 809 maxime

617 852 1034 947 conspicuos
1068 859 1454 935 recensent,
1499 851 1638 924 imo
1674 852 1757 925 ab
1796 851 1952 946 ipso
1987 853 2058 925 S.
2104 854 2404 927 Doctore
2446 854 2655 926 altum
2690 852 2778 926 de

618 968 939 1063 Sapiente
987 968 1198 1042 Persa
1237 968 1492 1041 servari
1546 968 1934 1052 silentium;
1977 968 2160 1062 quod
2216 969 2451 1063 utique
2499 970 2613 1042 vix
2664 977 2780 1043 aut

617 1106 704 1160 ne
735 1084 849 1158 vix
883 1083 1160 1179 quidem
1195 1082 1490 1179 intelligi
1524 1091 1792 1177 posset,
1836 1084 1900 1157 si
1933 1084 2046 1156 hic
2081 1084 2328 1158 fuisset
2364 1084 2550 1159 illius
2585 1085 2775 1158 audi-

616 1210 727 1275 tor
766 1225 783 1274 z
829 1221 912 1275 ex
947 1198 1266 1274 omnibus
1311 1200 1494 1272 enim
1545 1199 1663 1294 qui
1708 1197 2114 1273 nominatim
2165 1200 2614 1296 designantur
2658 1223 2777 1274 ne-

616 1317 866 1389 minem
892 1315 1228 1400 novimus,
1257 1315 1402 1409 qui,
1439 1316 1586 1389 sive
1622 1316 1903 1409 scriptis
1941 1316 2028 1388 de
2064 1337 2139 1389 re
2176 1316 2500 1412 religiosa
2536 1316 2771 1400 editis,

616 1431 764 1506 sive
797 1431 930 1504 alio
967 1429 1198 1515 modo,
1252 1450 1447 1523 aeque
1483 1450 1562 1502 ae
1609 1429 1987 1524 Aphraates
2038 1451 2195 1503 sese
2250 1432 2582 1504 bonorum
2635 1452 2775 1502 me-

619 1547 831 1619 moria
865 1546 1147 1641 dignum
1184 1530 1579 1639 praebuerit.

790 1807 827 1901 ᾗ
861 1807 935 1883 2.
976 1831 1404 1884 saeculiarum
1444 1832 1690 1884 nucruu
1726 1833 1806 1883 nx
1840 1831 2243 1884 nlvsnsmrn
2281 1834 2599 1884 socruum

1368 1938 1450 1998 ἰτ
1485 1947 1639 1999 nom
1673 1947 2019 2000 somnum.

713 2128 897 2201 Scite
917 2127 1207 2222 advertit
1234 2127 1577 2223 Georgius
1601 2129 1907 2223 gentium
1923 2126 2027 2227 (ι),
2051 2130 2438 2223 Sapientem
2465 2132 2769 2216 Persam,

616 2242 839 2336 quoad
878 2241 1259 2315 doctrinam
1297 2251 1365 2314 et
1393 2242 1686 2314 docendi
1725 2244 2026 2328 modum,
2060 2267 2098 2315 a
2133 2244 2205 2316 S.
2242 2246 2598 2337 Ephraemo
2627 2254 2775 2317 tan-

617 2363 757 2428 tum
793 2356 1051 2430 distare
1088 2365 1163 2431 ut
1197 2357 1398 2430 etiam
1428 2378 1509 2430 ex
1538 2359 1668 2431 hoc
1702 2358 2101 2431 discrimine
2128 2360 2423 2432 levitatis
2460 2361 2775 2434 convinci

616 2479 868 2565 queant
921 2472 1037 2566 qui
1092 2472 1379 2545 alterum
1429 2473 1686 2566 prioris
1738 2474 2138 2568 magistrum
2191 2475 2406 2547 fuisse
2458 2477 2777 2549 somniati

616 2599 800 2688 sunt.
854 2590 1103 2662 lsthaec
1154 2599 1378 2662 autem
1430 2590 1793 2662 diversitas
1848 2591 2292 2685 intelligenda
2337 2601 2445 2664 est
2496 2602 2636 2664 tum
2690 2592 2777 2667 de

617 2703 979 2781 sententiis
1015 2711 1082 2777 et
1133 2704 1343 2776 variis
1377 2703 1765 2801 disciplinae
1801 2705 2209 2800 theologicae
2244 2707 2351 2778 vel
2404 2709 2776 2801 exegeticae

615 2819 982 2914 capitibus,
1024 2829 1167 2892 tum
1202 2814 1402 2892 etiam
1438 2820 1524 2892 de
1573 2820 1735 2891 stilo
1772 2829 1842 2892 et
1884 2829 2158 2892 externa
2211 2820 2485 2894 dicendi
2529 2822 2768 2908 forma,

614 2957 767 3010 cum
807 2936 1206 3030 Ephraemus
1262 2935 1538 3030 ligatam
1582 2935 1986 3020 orationem,
2030 2957 2312 3029 eamque
2359 2938 2775 3029 metaphoris

615 3060 684 3125 et
709 3052 1026 3125 omnibus
1051 3071 1348 3144 poeseos
1375 3050 1792 3123 ornamentis
1818 3060 2021 3144 atque
2046 3050 2396 3142 leporibus
2426 3051 2767 3137 refertam,

618 3167 1001 3260 saepissime
1067 3166 1405 3251 adhibeat,
1474 3165 1849 3260 Aphraates
1918 3186 2079 3239 vero
2142 3187 2460 3240 sermone
2519 3167 2774 3261 ubique

618 3281 872 3365 solut0,
937 3281 1299 3373 minusque
1352 3281 1422 3352 in
1472 3280 1867 3353 universum
1930 3288 2207 3375 compto
2269 3302 2348 3352 ac
2408 3283 2772 3374 splendido

617 3405 868 3470 utatur.
1689 3423 1693 3426 ⁴

717 3511 912 3600 Quod
971 3511 1055 3584 ad
1110 3531 1224 3585 res
1285 3512 1472 3607 ipsas
1539 3511 1805 3596 attinet,
1872 3513 2077 3605 longe
2138 3501 2375 3605 utique
2437 3514 2775 3606 praecellit

618 3628 874 3721 Doctor
908 3627 1280 3722 Nisibenus
1316 3627 1745 3701 materiarum
1792 3626 2226 3700 multitudine
2270 3637 2344 3700 et·
2387 3629 2706 3702 varietate
2749 3654 2764 3701 :
2881 3720 2896 3726 κ

619 3741 875 3836 quippe
922 3742 1226 3835 quinon
1278 3741 1482 3814 modo
1534 3742 1727 3813 dedit
1782 3742 2101 3814 continua
2146 3743 2216 3813 in
2264 3763 2503 3814 omnes
2567 3743 2645 3816 V.
2706 3754 2776 3816 et

618 3857 707 3929 N.
750 3858 826 3930 Τ.
871 3856 1086 3930 libros
1122 3858 1643 3943 commentaria,
1685 3877 1915 3929 verum
1964 3857 2164 3929 etiam
2203 3857 2406 3942 odas,
2451 3860 2774 3931 Carmina

619 3980 690 4045 et
720 3974 1012 4066 Hymnus
1044 3972 1459 4067 conscripsit
1494 3972 1580 4045 de
1619 3972 1993 4046 innumeris
2045 3973 2186 4045 fere
2222 3975 2643 4067 argumentis
2684 3976 2769 4045 ad

686 4215 760 4280 (¹)
791 4214 909 4270 Vid.
935 4228 1082 4283 sup„
1106 4229 1161 4283 p.
1187 4217 1272 4272 10.
