3175 5084
1530 497 1985 565 ...228Μ

664 691 1036 764 sollicitum
1089 707 1247 760 sese
1287 687 1699 769 exhibuerit,
1760 686 1922 758 item
1977 706 2102 757 cur
2143 684 2231 756 de
2282 684 2633 757 nonnullis
2667 685 2833 758 doc-

660 807 859 879 t'rinae
919 804 1289 897 capitibuS‚
1344 824 1411 875 v.
1468 823 1542 896 g.
1604 799 1691 874 de
1745 799 2104 872 divinitate
2157 798 2442 880 Christi,
2499 820 2582 873 eo
2635 800 2839 874 modo

660 923 1004 1015 loquatur,
1054 939 1258 1013 quem
1309 917 1546 1010 utique
1609 914 2018 989 disserendo
2080 923 2323 989 contra
2377 914 2669 988 Arianos
2720 926 2837 988 aut

657 1038 831 1109 alios
888 1036 1198 1110 veritatis
1258 1033 1694 1107 adversarios
1764 1054 1901 1104 non
1968 1032 2426 1104 adhibuisset.
2495 1032 2832 1106 Caeterum

656 1175 811 1247 quae
865 1152 1129 1247 profert
1186 1151 1272 1223 ad
1335 1171 1478 1222 rem
1533 1149 1990 1244 dogmaticam
2054 1149 2461 1241 spectantia,
2520 1150 2833 1243 quamvis

654 1289 792 1342 non
855 1268 947 1340 ita
1016 1266 1250 1339 multis
1319 1264 1597 1359 paginis
1666 1264 2364 1357 comprehendantur,
2443 1286 2689 1359 magno
2759 1266 2832 1336 in

651 1385 877 1480 pretio
934 1383 1246 1456 habenda
1300 1404 1456 1455 csse
1510 1401 1710 1453 nemo
1756 1402 2012 1476 negare
2049 1388 2305 1475 potest.
2350 1382 2601 1454 Notum
2641 1382 2826 1454 enim

650 1507 759 1572 est
794 1509 863 1571 et
897 1499 967 1569 in
1018 1497 1412 1590 disciplinis
1462 1497 1880 1591 theologicis
1914 1496 2275 1569 axiomatis
2313 1497 2557 1580 instar,
2602 1499 2827 1592 scrip-

643 1623 837 1687 tores
872 1613 1414 1696 eeclesiasticos,
1454 1612 1571 1685 ubi
1609 1612 1695 1685 de
1744 1611 2249 1706 quaestionibus
2299 1612 2383 1683 ad
2430 1611 2634 1685 fidem
2669 1636 2829 1707 per-

545 1816 550 1821 ,
646 1729 1031 1803 tinentibus
1101 1729 1354 1823 agitur,
1420 1748 1503 1800 eo
1566 1727 1806 1819 majori
1877 1729 2140 1820 pollere
2209 1730 2616 1801 auctoritate
2685 1719 2867 1823 quo'

645 1845 935 1938 propius
991 1843 1374 1916 ascendunt
1423 1842 1505 1914 ad
1558 1852 1873 1936 tempora
1921 1841 2413 1936 Apostolorum
2483 1853 2551 1916 et
2602 1844 2824 1917 chris·

647 1963 850 2034 tianae
906 1961 1270 2054 religionis
1325 1960 1518 2032 initia
1571 1984 1586 2031 :
1643 1960 1916 2053 priores
1967 1959 2296 2032 videlicet
2354 1968 2554 2033 aetate
2605 1946 2828 2035 testes

644 2076 916 2149 caeteris
987 2075 1400 2169 praeferendi
1462 2074 1618 2166 jure
1688 2074 2138 2158 aestimantur,
2221 2076 2407 2170 quod
2476 2078 2828 2169 primaevae

641 2194 1039 2267 traditionis
1085 2215 1219 2266 vox
1274 2191 1357 2264 ad
1412 2213 1648 2265 eorum
1703 2213 1904 2265 aures
1961 2193 2203 2285 purior
2238 2193 2628 2288 clariorque
2662 2216 2826 2289 per-

641 2310 878 2384 venire
913 2310 1253 2382 debuerit.
1289 2310 1605 2382 Jamvero
1643 2309 1704 2381 si
1742 2309 1916 2381 hanc
1952 2309 2360 2383 consideres
2396 2309 2827 2404 antiquitatis

644 2437 900 2506 notam,
944 2426 1175 2497 nullus
1211 2432 1344 2508 est,
1386 2431 1462 2497 ut
1496 2433 1694 2496 antea
1747 2423 2182 2497 ostendimus
2218 2420 2323 2520 (1),
2367 2426 2547 2498 inter
2583 2427 2826 2499 Eccle-

643 2542 767 2614 siae
804 2540 1102 2634 Syriacae
1138 2540 1403 2624 Patres,
1446 2540 1565 2633 qui
1602 2539 1893 2632 palmam
1943 2539 2247 2632 Sapienti
2300 2540 2529 2613 Persae
2580 2542 2825 2633 praeri·

642 2656 810 2748 piat.
863 2654 1243 2742 Quominus
1280 2654 1497 2748 igitur
1533 2655 1760 2747 ipsum
1797 2654 2037 2727 audias
2082 2655 2444 2728 docentem
2481 2656 2652 2728 nihil
2678 2658 2823 2749 jam

645 2793 909 2845 moror.
1826 2796 1831 2800 ·

792 3054 845 3122 1.
887 3042 1265 3143 Aphraatz‘s
1298 3053 1611 3125 doctrina
1643 3055 1726 3126 de
1767 3055 1892 3125 Deo
1931 3068 1994 3125 et
2030 3056 2113 3126 de
2146 3056 2261 3127 SS.
2311 3057 2666 3128 Trinitate.

741 3250 1136 3322 Doctrinam
1190 3250 1276 3323 de
1327 3252 1472 3324 Deo
1522 3260 1591 3324 et
1644 3254 1967 3345 personis
2017 3252 2296 3336 divinis,
2340 3256 2521 3327 sicut
2568 3266 2637 3328 et
2684 3258 2816 3329 alia

645 3365 879 3448 multa,
945 3364 1323 3458 Aphraates
1383 3368 1683 3440 breviter
1735 3368 2032 3441 exhibet.
2093 3371 2227 3443 Pro
2289 3371 2684 3444 conditione
2734 3394 2816 3444 ac

644 3479 1057 3552 necessitate
1107 3482 1441 3574 temporis
1505 3483 1614 3554 sui
1675 3485 2109 3578 et-regionis
2172 3487 2240 3556 in
2294 3509 2426 3579 qua
2487 3486 2806 3581 degebat,

642 3594 1030 3686 praesertim
1081 3595 1464 3688 cognitioni
1517 3598 1720 3669 unius
1770 3599 1891 3669 Dei
1944 3600 2285 3692 uniusque
2338 3600 2810 3674 universorum

645 3709 991 3781 Creatoris
1041 3709 1327 3781 insistit.
1388 3712 1576 3783 Tunc
1630 3713 1812 3784 enim
1862 3715 1932 3783 in
1980 3714 2263 3785 Perside
2315 3726 2382 3787 et
2433 3716 2811 3808 provinciis

580 3907 588 3914 ‚
642 3825 1288 3917 circumjacentibus
1350 3828 1675 3922 vigebant
1734 3830 2239 3924 serpebantque
2296 3831 2478 3905 varia
2533 3832 2806 3905 Gnosti-

641 3961 880 4012 corum
917 3951 986 4013 et
1020 3950 1361 4013 sectarum
1396 3942 1699 4014 affinium
1735 3944 2203 4035 deliramenta,
2232 3946 2415 4030 aliis,
2445 3967 2481 4018 e
2518 3969 2805 4040 quorum

638 4079 926 4130 numero
961 4058 1088 4130 fuit
1123 4058 1550 4143 ValentinuS,
1593 4060 1874 4134 deorum
1914 4062 2058 4134 sive
2109 4082 2377 4135 aeonum
2429 4063 2802 4135 multitudi-

707 4296 777 4358 (1)
813 4296 965 4362 Sup.‚
992 4310 1112 4365 pag.
1143 4300 1207 4351 70
1235 4312 1390 4367 seqq.

2792 4964 2801 4968 ⁴
2854 4979 2865 5002 ἐ
2978 4947 2987 4960 Ι
3060 4973 3067 4986 Ι

2630 5021 2641 5029 ’
2662 5015 2689 5048 ’)
2712 5023 2721 5042 ἱ
2750 4983 3093 5050 :xj-:j-fflx
