3175 5084
1227 466 1674 530 —115-

467 657 735 730 Adduci
769 666 1056 750 possent
1090 655 1222 729 alia
1265 656 1592 729 nonnulla
1625 654 1925 728 auctoris
1987 653 2209 727 nostri
2268 661 2533 726 asserta

360 776 476 847 vel
511 773 806 846 obscura
844 771 1233 851 admodum.
1275 773 1381 844 vel
1437 772 1640 844 etiam
1675 791 1829 842 cum
1856 768 2168 842 doctrina
2195 769 2528 840 catholica

361 910 555 983 aegre
580 886 1033 971 concilianda,
1067 907 1221 980 quae
1257 908 1385 959 nec
1412 886 1781 980 Georgium
1811 884 2118 979 gentium
2144 885 2401 957 latuere
2415 882 2517 978 (ι).

368 1004 535 1086 Sed,
596 1002 885 1094 reliquis
920 1000 1228 1085 omissis,
1285 1022 1493 1072 unum
1544 999 1765 1072 adhuc
1817 997 2526 1082 commemorabimuS,

368 1127 559 1192 tanto
598 1116 876 1208 majoris
902 1115 1225 1188 momenti
1254 1125 1507 1208 quanto
1534 1115 1790 1187 arctius
1825 1134 1978 1186 cum
2015 1112 2175 1184 fidei
2209 1111 2529 1204 deposito

367 1234 698 1305 cohaeret.
776 1231 869 1302 lis
952 1231 1344 1304 continetur
1419 1251 1571 1323 quae
1641 1228 1922 1301 disserit
1997 1228 2376 1321 Aphraates
2445 1225 2533 1299 de

367 1350 615 1420 animae
664 1347 1202 1432 immortalitate,
1267 1348 1373 1419 vel
1426 1347 1657 1440 potius
1711 1346 1797 1418 de
1845 1345 2238 1418 conditione
2291 1344 2533 1416 animae

370 1471 663 1536 mortem
714 1461 893 1534 inter
934 1471 1002 1534 et
1050 1462 1624 1535 resurrectionem
1673 1482 2065 1553 corporum.
2124 1458 2333 1551 Cujus
2381 1458 2531 1551 qui-

370 1579 527 1651 dem
598 1576 1003 1670 quaestionis
1072 1576 1330 1649 fusiore
1387 1576 1821 1669 expositione
1884 1575 1952 1645 in
2012 1574 2195 1646 aliud
2265 1583 2537 1666 tempus

371 1694 609 1777 dilata,
650 1693 783 1766 hoc
828 1691 1100 1764 interim
1143 1713 1520 1781 monemus,
1577 1713 1657 1764 ex
1708 1690 2052 1784 Sapientis
2105 1691 2334 1762 Persae
2379 1710 2536 1761 sen-

376 1807 614 1890 tentia,
654 1807 943 1878 animam
990 1808 1342 1879 humanam
1391 1816 1552 1900 post
1604 1815 1889 1878 mortem
1927 1826 2081 1877 cum
2131 1826 2421 1898 corpore
2472 1814 2542 1878 et

375 1925 447 1994 in
496 1944 793 2016 corpore
838 1923 1146 2015 sepeliri,
1197 1934 1290 2005 et,
1346 1922 1412 1992 in
1460 1930 1641 1995 statu
1695 1921 1987 2014 quodam
2039 1941 2283 1992 somno
2329 1921 2542 1992 simili

374 2039 846 2121 constitutam,
881 2057 1102 2129 neque
1129 2046 1586 2120 externarum,
1619 2057 1839 2130 neque
1871 2036 2287 2108 internarum
2317 2056 2542 2108 rerum

377 2175 589 2226 sensu
663 2152 1111 2236 commoveri,
1170 2152 1391 2224 donec
1445 2163 1512 2224 et
1583 2152 1758 2245 ipsa,
1818 2152 1931 2224 die
1983 2142 2540 2235 resurrectioniS,

376 2269 755 2353 suscitetur
812 2277 1016 2362 atque
1076 2268 1158 2340 ad
1222 2276 1541 2341 aeternam
1609 2267 2095 2341 beatitudinem
2124 2325 2140 2349 ,
2215 2267 2276 2339 si
2338 2268 2547 2361 digna

377 2384 611 2468 fuerit,
675 2383 1091 2456 admittatur.
1150 2384 1315 2470 Quae
1363 2393 1689 2476 quantum
1739 2405 1780 2454 a
1827 2405 1985 2455 vera
2033 2383 2363 2455 Ecclesiae
2415 2382 2548 2453 [ide

378 2503 700 2574 aberrent
756 2521 956 2574 nemo
1015 2522 1149 2573 non
1205 2501 1414 2573 videt.
1484 2497 1632 2572 Nec
1685 2500 1908 2572 minus
1956 2509 2189 2594 aperte
2242 2510 2549 2594 pugnant

358 2610 537 2690 'cum
580 2617 967 2689 certissima
1020 2617 1301 2688 Diaconi
1354 2616 1685 2689 Edesseni
1738 2616 2073 2699 doctrina,
2133 2637 2334 2709 quam
2391 2637 2545 2688 cum

378 2733 545 2805 alibi
580 2732 867 2825 passim,
908 2741 1050 2804 tum
1103 2733 1459 2825 speciatim
1496 2732 1646 2823 ejus
1682 2735 2106 2807 Necvoaimis
2140 2741 2208 2803 et
2265 2733 2548 2824 Hymnis

380 2851 465 2922 de
487 2849 817 2941 paradiso
851 2844 926 2945 (2)
962 2847 1395 2921 delineatam
1404 2849 1742 2941 reperies

481 2967 538 3035 N
547 2987 584 3037 e
620 2965 777 3058 quis
812 2973 1061 3048 autem,
1105 2986 1177 3036 re
1212 2985 1451 3058 parum
1484 2973 1798 3037 accurate
1836 2964 2173 3057 inspecta,
2209 2963 2549 3056 suspicari

382 3081 611 3176 possit
645 3080 1074 3174 Ephraemum
1112 3078 1436 3174 Aphraati
1473 3080 1889 3162 consentire,
1930 3078 2243 3152 docendo
2280 3080 2547 3172 piorum

385 3195 645 3267 animas
696 3193 969 3266 nonnisi
1022 3203 1185 3287 post
1240 3195 1812 3267 resurrectionem
1868 3193 2098 3267 beatas
2137 3195 2312 3278 fore,
2352 3203 2550 3266 antea

388 3332 551 3383 vero
600 3331 733 3381 una
790 3330 946 3381 cum
1006 3328 1297 3402 corpore
1358 3311 1553 3403 quasi
1617 3331 1860 3382 somno
1924 3330 2296 3403 oppressas
2358 3330 2543 3393 esse,

388 3448 541 3520 quae
576 3425 659 3496 ad
711 3424 908 3517 hujus
952 3424 1357 3518 quaestionis
1408 3425 1951 3518 explanationem
1998 3426 2209 3498 tradit
2258 3426 2346 3499 cl.
2392 3425 2546 3496 Bic-

388 3541 528 3615 kell
563 3541 677 3613 hic
705 3540 848 3613 fere
882 3540 966 3612 ad
1002 3542 1282 3613 verbum
1321 3541 1712 3616 exscribere
1749 3541 1917 3614 libet
1952 3539 2051 3640 (a).

491 3658 562 3728 S.
617 3658 873 3728 Doctor
932 3655 1180 3727 alicubi
1233 3657 1307 3748 (4)
1359 3666 1629 3749 tempus
1690 3678 1729 3728 a
1789 3665 2005 3729 morte
2066 3657 2149 3729 ad
2213 3678 2553 3732 resurrec-

459 3922 531 3984 (ί)
565 3919 672 3974 Crr.
699 3933 845 3985 sup..
871 3932 992 3988 pag.
1020 3921 1085 3974 40
1109 3933 1261 3988 seqq.

458 4003 531 4066 (Ξ)
567 4000 672 4055 cfr.
720 4000 858 4066 opp.
898 4000 1028 4055 edit.
1074 4004 1225 4057 Rom.
1268 4005 1361 4066 ΙΙΙ,
1408 4017 1498 4070 pp.
1553 4004 1793 4065 325-359,
1840 4005 2095 4066 562-5983
2146 4003 2329 4058 carm.
2378 4002 2553 4059 Nisib.

394 4084 578 4151 hymn.
607 4085 1039 4138 xxxv-Lxxvu.

460 4169 531 4230 (3)
567 4165 671 4218 cfr.
702 4165 965 4220 Carmina
988 4165 1273 4228 Nisibena,
1301 4167 1542 4236 proiegg.
1574 4182 1626 4233 p.
1656 4169 1721 4219 2⁴
1746 4179 1899 4235 seqq.

464 4253 538 4317 (t)
573 4250 710 4303 Edit.
740 4252 893 4304 Rom.
921 4250 1057 4317 opp.
1087 4252 1177 4316 ΙΙΙ,
1204 4251 1321 4317 225,
1350 4252 1406 4307 b.
