3175 5084
13 4804 42 4879 *aaa

1496 468 1945 535 ...302-

632 653 930 748 singulis
973 649 1393 735 ‚bominibus
1462 652 1723 725 animas
1791 661 2032 726 auctor
2098 664 2528 747 agnosceret,
2605 675 2796 726 more

634 768 1124 843 Gnosticorum
1163 777 1233 841 et
1274 767 1946 861 Apollinaristarum.
1992 769 2179 841 Hanc
2213 770 2488 863 quidem
2542 772 2790 842 tricho-

617 888 942 968 tomiam,
1016 904 1219 978 quam
1284 891 1569 966 vocant,
1647 883 1783 977 ipsi
1853 905 1892 955 a
1959 884 2309 957 Gennadio
2379 885 2791 978 adscriptam

632 1022 789 1075 esse
821 998 904 1096 (ι)
942 999 1119 1072 haud
1155 998 1449 1071 absurde
1501 999 1733 1071 forsan
1786 998 2070 1083 dixeris,
2115 1021 2348 1073 verum
2402 1001 2533 1073 ista
2588 1001 2788 1073 inter·

629 1116 921 1211 pretatio
951 1115 1106 1209 ipso
1142 1113 1505 1223 Aphraatis
1539 1121 1730 1187 textu
1778 1115 2192 1208 exploditur
2237 1116 2565 1211 Spiritum
2611 1117 2791 1190 enim

589 1233 985 1305 -animalem
1033 1238 1319 1314 tantum,
1373 1249 1507 1303 non
1560 1231 1936 1314 coelestem,
1991 1252 2073 1304 ex
2126 1231 2274 1324 ejus
2327 1218 2664 1307 sententia
2707 1232 2791 1305 ad

628 1347 926 1419 hominis
976 1354 1281 1419 naturam
1328 1346 1675 1439 pertinere
1738 1346 1899 1419 inde
1958 1342 2146 1439 'patet
2193 1346 2380 1441 quod
2433 1348 2548 1419 ille
2599 1348 2790 1420 solus

625 1483 903 1556 semper
952 1469 1023 1535 et
1072 1462 1392 1534 omnibus
1445 1462 1851 1534 mortalibus
1887 1461 2079 1545 insit,
2123 1463 2235 1534 hic
2268 1483 2432 1536 vero
2471 1462 2791 1535 fidelibus

626 1578 898 1652 demum
936 1597 1060 1672 per
1093 1576 1515 1671 Baptismum
1550 1579 1968 1663 conferatur,
2009 1578 2095 1650 ab
2131 1599 2214 1651 eo
2250 1579 2368 1673 qui
2407 1579 2631 1687 ipsum
2666 1601 2792 1672 per

625 1706 978 1790 peccatum
1012 1694 1357 1766 vexaverit
1386 1694 1719 1767 continuo
1754 1694 2067 1769 discedat
2093 1705 2161 1767 et
2189 1696 2257 1766 in
2286 1697 2792 1769 resurrectione

616 1811 853 1902 justis,
897 1829 1033 1882 non
1071 1807 1330 1902 iniquis
1366 1808 1459 1880 sit
1493 1808 1913 1898 reddendus.

723 1929 1094 2020 Hucusque
1131 1925 1343 2019 igitur
1377 1925 1727 1997 traditioni
1781 1925 2136 1998 catholicae
2188 1927 2535 2003 consentit
2576 1927 2791 2021 scrip·

587 2058 591 2063 ’
623 2055 757 2118 tor.
799 2043 1183 2116 Arctiorem
1218 2050 1441 2115 autem
1477 2041 1869 2115 affinitatem
1918 2043 2140 2136 ipsius
2184 2044 2509 2138 loquendi
2548 2045 2791 2116 modus

625 2182 769 2256 proe
820 2180 897 2231 se
948 2160 1080 2233 fert
1130 2180 1282 2231 cum
1346 2159 1552 2231 modo
1615 2159 1941 2251 loquendi
2003 2181 2140 2251 quo
2199 2160 2458 2252 passim
2512 2167 2794 2232 utuntur

621 2277 858 2370 plures
893 2296 980 2347 ex
1011 2274 1099 2346 iis
1134 2273 1252 2366 qui
1291 2273 1532 2366 primis
1585 2273 1861 2345 saeculis
1894 2274 2183 2345 scientia
2233 2282 2302 2347 et
2353 2275 2549 2346 libris
2585 2275 2792 2347 editis

605 2392 694 2463 -in
736 2388 1040 2463 Ecclesia
1075 2389 1410 2471 floruere;
1472 2388 1652 2460 inter
1700 2409 1877 2480 quos
1913 2410 2056 2481 prae
2091 2390 2360 2461 caeteris
2397 2391 2789 2461 nominandi

624 2514 785 2579 sunt
838 2504 1182 2598 Origenes
1236 2513 1306 2577 et
1359 2503 1431 2574 S.
1486 2503 1812 2574 irenaeus.
1865 2503 1993 2575 Hic
2042 2504 2222 2575 enim
2275 2514 2512 2577 contra
2565 2502 2788 2577 Gnos-

624 2628 827 2709 ticos,
870 2623 985 2717 qui
1042 2623 1108 2694 in
1143 2622 1443 2705 ‚homine
1496 2621 2011 2715 distinguebant
2059 2643 2339 2715 corpuS,
2381 2623 2669 2694 animam
2723 2632 2791 2694 et

623 2741 943 2835 spiritum
1001 2736 1222 2833 (σῶμα,
1280 2740 1503 2828 ψυχήν,
1565 2749 1792 2829 πνεῦμα
1851 2739 1959 2811 vel
2018 2734 2196 2834 νοῦν),
2264 2737 2469 2810 docet
2527 2738 2790 2811 duabus

621 2854 959 2948 partibus,
1021 2872 1316 2945 corpore
1369 2872 1616 2944 nempe
1665 2863 1733 2923 et
1780 2852 2038 2935 anima,
2098 2860 2308 2924 totam
2358 2861 2614 2924 naturae
2665 2854 2788 2925 hu-

625 2991 838 3053 manae
873 2987 1273 3061 compagem
1310 2967 1573 3039 absolvi
1618 2992 1632 3037 :
1677 2967 1759 3039 ad
1801 2967 1868 3036 id
1907 2988 2114 3039 unum
2150 2966 2449 3060 Spiritus
2483 2968 2782 3044 divinus,

612 3083 804 3175 juxta
858 3083 1113 3177 ipsum,
1167 3081 1568 3173 requiritur,
1628 3082 1696 3152 id
1745 3103 1952 3154 unum
1991 3080 2222 3164 efficit,
2266 3088 2340 3153 ut
2386 3082 2592 3153 homo
2633 3103 2784 3172 per-

619 3197 839 3292 fectus
897 3196 1158 3272 evadat.
1218 3197 1351 3267 Per
1402 3196 1691 3268 animam
1747 3198 1951 3269 homo
2003 3205 2111 3268 est
2168 3197 2394 3292 imago
2445 3197 2608 3281 Dei,
2666 3218 2789 3291 per

624 3314 950 3408 Spiritum
988 3311 1072 3385 ad
1127 3311 1251 3383 Dei
1304 3311 1822 3384 similitudinem
1873 3313 2297 3406 provehitur.
2342 3314 2628 3386 Divinus
2674 3314 2789 3385 ille

624 3428 950 3522 Spiritus,
992 3427 1109 3521 qui
1146 3426 1400 3498 nemini
1439 3427 1574 3498 nisi
1608 3448 1736 3519 per
1770 3428 2055 3521 gratiam
2093 3427 2415 3521 obtingit,
2463 3429 2550 3499 iis
2593 3429 2789 3500 datur

623 3543 741 3637 qui
796 3543 1159 3637 passiones
1221 3542 1509 3613 fraenant
1578 3552 1646 3614 et
1717 3544 2159 3615 moderantur
2218 3543 2590 3637 appetituS,
2666 3563 2790 3636 per

622 3666 976 3752 peccatum
1011 3659 1547 3753 grave'fugatur.
1597 3658 1724 3744 Qui
1781 3658 1970 3730 illum
2024 3667 2430 3751 receperunt
2458 3679 2787 3749 pneuma·

688 3875 760 3937 (1)
799 3874 875 3923 {ta
899 3870 1231 3930 Gennadius,
1260 3870 1312 3922 in
1341 3870 1579 3934 Epistola
1604 3872 1669 3922 de
1690 3868 1796 3933 tide
1818 3882 1920 3923 sua
1942 3884 2037 3922 seu
2058 3873 2129 3922 de
2150 3871 2490 3935 doymatibus
2512 3871 2785 3924 ecclesias-

621 3958 765 4018 ticis,
796 3968 918 4021 cap.
946 3956 1026 4006 xv
1050 3970 1065 4005 ε
1093 3972 1124 4001 α
1145 3956 1326 4019 Neque
1349 3954 1487 4006 duas
1511 3955 1724 4005 animas
1754 3966 1878 4005 csse
1902 3953 2136 4006 dicimus
2162 3953 2217 4005 iu
2245 3966 2354 4006 uno
2380 3953 2620 4015 homine,
2645 3954 2788 4005 sicut

571 4052 576 4061 ’
620 4038 856 4118 lacobus
878 4041 936 4091 et
958 4035 1049 4088 alii
1072 4036 1331 4102 Syrorum
1356 4036 1627 4097 scribunt,
1651 4047 1812 4088 unam
1839 4035 2129 4089 animalem
2161 4046 2268 4101 qua
2291 4035 2564 4089 animetur
2587 4047 2787 4101 corpus

576 4185 580 4189 .
622 4126 677 4174 et
693 4120 937 4187 immixta
955 4118 1028 4171 sit
1044 4116 1319 4184 sanguini,
1339 4123 1390 4169 et
1410 4118 1636 4170 alteram
1661 4115 2004 4184 spiritualem
2029 4130 2152 4186 quae
2173 4116 2436 4172 rationem
2459 4117 2788 4171 ministret.»

620 4191 827 4268 Quibus
849 4199 1033 4254 verbis
1055 4200 1123 4255 dc
1145 4200 1511 4253 Romiliarum
1536 4203 1757 4253 auctore
1780 4201 1866 4267 agi
1892 4200 2150 4266 opinatur
2171 4201 2510 4263 Antoneltus‚
2537 4213 2623 4265 op.
2649 4213 2782 4265 περ.

621 4285 736 4348 cit„
762 4283 913 4350 praef.
940 4298 997 4351 p.
1021 4284 1077 4336 V.
