3175 5084
1232 481 1641 547 ...23-

652 594 682 602 -.

357 670 488 740 hoc
518 677 653 753 est,
697 669 893 763 regni
927 670 1319 742 Alexandri.
1364 699 1400 735 »
1441 670 1726 756 Quando
1765 670 1976 767 igitur
2011 691 2093 742 ex
2124 671 2321 742 annis
2376 670 2519 743 655

357 806 575 858 annos
649 783 791 856 648
842 786 1333 870 subtrahimuS,
1401 794 1773 879 supersunt
1843 785 2000 855 anni
2055 795 2360 877 septem,
2420 787 2517 857 uti

336 890 682 975 ‘diximus
728 903 990 990 Quibus
1043 905 1102 974 si
1159 903 1369 975 addas
1421 923 1670 974 annum
1719 923 1953 991 unum,
2012 902 2201 972 illum
2255 902 2523 974 scilicet

357 1042 494 1112 quo
534 1021 794 1114 scripta
829 1028 936 1092 est
968 1023 1261 1092 Humilia
1295 1022 1379 1092 de
1416 1022 1610 1091 acino
1646 1025 1713 1091 et
1749 1019 1895 1113 qui,
1951 1024 2026 1089 ut
2076 1027 2315 1090 auctor
2372 1020 2521 1112 ipse

356 1143 676 1221 testatur,
736 1145 844 1209 est
895 1159 1113 1211 annus
1175 1135 1345 1220 656,
1413 1142 1570 1208 octo
1630 1133 1918 1205 habebis
1965 1154 2209 1217 annos,
2270 1132 2521 1226 quibus

355 1252 792 1325 volventibus
852 1252 1278 1345 posteriores
1315 1249 1408 1321 13
1443 1253 1793 1323 Sermones
1828 1249 2239 1341 composuit.
2289 1287 2382 1301 —-
2418 1251 2518 1320 En

356 1366 572 1459 igitur
606 1368 820 1440 totius
859 1367 958 1440 rei
996 1388 1259 1439 summa
1300 1392 1314 1437 z
1356 1366 1516 1437 inde
1565 1388 1604 1436 a
1654 1364 1919 1458 synodo
1967 1364 2242 1436 Nicaena
2301 1385 2523 1457 usque

359 1483 440 1553 ad
478 1505 729 1554 annum
769 1482 911 1569 656
960 1483 1118 1555 anni
1169 1492 1330 1555 sunt
1380 1478 1513 1565 20;
1575 1489 1644 1553 et
1696 1481 1824 1552 hoc
1878 1477 2159 1574 quidem
2211 1490 2519 1574 tempore

357 1605 708 1671 auctorem
743 1598 934 1670 illum
972 1600 1251 1671 Persam
1289 1596 1663 1689 scripsisse
1695 1616 1779 1667 ex
1816 1594 2037 1687 ipsius
2075 1595 2279 1679 libro,
2321 1605 2527 1688 prout

357 1712 508 1785 fieri
542 1720 840 1806 poterat,
899 1713 1307 1806 collegimus
1322 1736 1343 1796 3
1385 1710 1583 1782 annis
1633 1718 1858 1781 autem
1911 1709 2393 1795 anterioribus,
2437 1711 2523 1781 iis

355 1828 744 1920 praesertim
774 1828 890 1922 qui
920 1850 1168 1900 annum
1198 1824 1340 1898 648
1367 1833 1900 1920 praecesserunt,
1930 1824 2074 1894 Mar
2090 1825 2523 1918 Ephraemum

357 1943 684 2016 docuisse
735 1946 843 2018 vel
895 1944 1293 2036 scripsisse,
1348 1942 1440 2014 ita
1490 1949 1567 2013 ut
1616 1940 1849 2011 dicere
1895 1937 2246 2031 possimus
2298 1939 2525 2032 ipsum

357 2060 822 2133 antecessisse
850 2059 1175 2151 scriptori
1206 2066 1445 2130 nostro
1482 2058 1741 2138 Persae,
1786 2053 2124 2146 hujusque
2174 2054 2523 2126 doctorem

358 2195 481 2245 seu
521 2175 923 2268 magistrum
959 2174 1201 2258 fuisse,
1243 2172 1556 2264 nuspiam
1594 2169 2002 2242 invenimus,

460 2289 895 2383 Caeteroquin
934 2299 1204 2381 tempus
1250 2310 1386 2382 quo
1432 2296 1752 2380 tanquam
1798 2284 2099 2375 scriptor
2153 2284 2526 2357 innotuerit

361 2404 602 2477 beatus
639 2404 782 2476 Mar
817 2402 1223 2498 Ephraemus
1261 2411 1329 2476 et
1362 2404 1520 2474 hinc
1552 2403 1829 2475 discere
1864 2418 2259 2493 possumus.
2306 2401 2525 2473 Theo-

359 2519 645 2592 doretus
707 2520 1061 2613 Cyrensis,
1129 2520 1351 2611 capite
1405 2519 1489 2590 31
1551 2516 1628 2614 (1)
1682 2521 1839 2592 libri
1900 2522 1961 2590 ΙΙ
2021 2543 2165 2593 suae
2215 2522 2529 2591 Historioe

360 2638 861 2719 ecclesiasticae,
917 2636 1207 2728 loquens
1256 2635 1341 2705 de
1401 2634 1659 2726 Sapore
1722 2657 1886 2730 rege
1946 2645 2014 2707 et
2075 2637 2160 2707 de
2222 2635 2524 2707 exercitu

364 2752 751 2834 Persarum,
796 2750 913 2844 qui
950 2750 1032 2820 ad
1066 2750 1589 2842 oppugnandam
1627 2751 1686 2820 N
1694 2750 1921 2820 isibim
1957 2760 2307 2833 venerant,
2352 2750 2524 2821 scri-

364 2866 462 2938 bit
504 2891 518 2936 :
566 2894 603 2931 «
640 2867 827 2937 Tunc
873 2866 1301 2956 Ephraemus,
1346 2864 1591 2935 doctus
1643 2864 1758 2934 ille
1808 2865 2132 2957 scriptor,
2177 2865 2245 2933 in
2282 2885 2525 2957 magna

362 2980 810 3053 admiratione
868 2988 935 3051 et
984 2979 1181 3050 laude
1242 2979 1420 3050 inter
1469 2980 1681 3072 Syros
1732 2986 1899 3051 erat.
1961 2980 2194 3072 Ipsum
2257 2979 2525 3072 rogavit

364 3096 604 3168 beatus
638 3096 937 3167 Jacobus
973 3090 1071 3195 (a),
1115 3095 1412 3173 civitatis
1446 3094 1863 3187 Episcopus,
1906 3101 1981 3165 ut
2015 3093 2421 3165 ascenderet
2455 3094 2523 3164 in

363 3211 609 3282 moenia
647 3217 740 3294 et,
785 3210 1110 3282 barbaros
1154 3210 1469 3293 intuituS,
1514 3209 2078 3302 imprecationum
2118 3211 2253 3280 tela
2293 3209 2358 3280 in
2402 3230 2525 3281 eos

426 3459 502 3522 (2)
535 3456 703 3511 Aliter
726 3457 782 3510 in
806 3461 956 3511 textu
982 3460 1207 3512 Graeco:
1246 3443 1383 3503 Τι’τι
1437 3441 1676 3521 Ἐφμῗμ
1723 3445 1752 3502 0'
1793 3442 2114 3519 θαυμάσιος,
2164 3441 2527 3523 συγγραφεδς

363 3542 428 3602 δε
460 3539 609 3606 οὗτος
642 3539 864 3624 ἔρια-τος
893 3540 1047 3623 rape?
1068 3542 1253 3624 Zv'poee
1296 3540 1540 3616 ι’γὲνιτο,
1587 3540 1679 3603 τδιν
1717 3544 1840 3603 θεῖοι
1885 3543 2135 3616 Ἰάκωβον
2175 3544 2526 3617 ἤιτιβᾶλησιν

363 3640 624 3714 ἐπιβῆναι
673 3652 768 3702 τοῦ
805 3643 1045 3719 τείχους,
1094 3642 1185 3704 καὶ
1234 3640 1354 3707 τοδς
1398 3640 1700 3724 βαρβᾶρους
1733 3639 1895 3718 ἰδεῖν,
1932 3644 2025 3702 καὶ
2071 3649 2168 3708 τῖς
2216 3646 2349 3723 α’ρῖἱς
2400 3646 2527 3705 κατ’

286 3804 297 3809 ,
362 3744 535 3803 ηδτ-ὂν
578 3738 799 3814 ἀφιέναι
837 3739 915 3803 τε)
947 3742 1114 3815 βέλη.
1158 3743 1320 3816 Εἵξιις
1367 3739 1439 3808 διὶ
1483 3735 1562 3801 οἷν
1607 3742 1639 3799 0‘
1686 3741 1972 3807 owardo-uc
2016 3738 2302 3821 ὥνθρωπος,
2356 3743 2526 3818 ἀνέβη

361 3839 467 3919 μὲν
508 3838 579 3906 εἴς
610 3868 729 3902 τινα
759 3841 985 3923 πιῗργοιν.

428 3937 640 4004 Asserit
684 3938 866 4005 itaque
889 3939 1258 3992 Theodoretus
1298 3938 1475 4004 ipsum
1519 3941 1572 3992 S.
1612 3939 1890 4001 Jacobum,
1930 3939 2215 4005 prraemo
2256 3941 2528 4005 hortante,

364 4022 680 4076 ascendisse
705 4022 760 4074 in
785 4035 972 4076 muros
995 4029 1050 4075 et
1074 4022 1325 4075 hostibus
1349 4022 1712 4075 maledixisse.
1740 4024 1806 4075 Ut
1829 4023 1900 4075 ab
1924 4023 2028 4075 hoc
2052 4036 2216 4075 sensu
2256 4023 2531 4076 recederet

364 4111 420 4158 et
441 4105 606 4157 alium
632 4104 902 4158 sufficeret
942 4105 1194 4158 inductus
1235 4104 1417 4157 forsan
1452 4104 1615 4158 suerit
1651 4105 1913 4171 Georgius
1940 4105 2254 4158 testimonio
2296 4105 2528 4158 aliorum

365 4193 667 4249 auctorum,
694 4187 786 4253 qui
811 4187 965 4240 urhis
1003 4187 1376 4241 liberationem
1405 4187 1674 4254 Ephraemi
1711 4187 1964 4253 precibus
2004 4188 2251 4240 tribuunt
2301 4188 2530 4253 Quibus·

366 4281 490 4321 cum
515 4267 758 4322 sentiunt
779 4269 836 4322 S.
861 4269 1144 4334 Epnraemz‘
1168 4268 1305 4322 Acta
1339 4271 1421 4331 (B.
1447 4270 1506 4322 Ο.
1539 4272 1579 4332 Ι,
1605 4283 1695 4335 pp.
1724 4271 1789 4322 50
1813 4274 1867 4321 et
1888 4271 1998 4333 31),
2024 4275 2078 4321 et
2097 4269 2528 4336 Abulpharagius

368 4350 424 4403 in
445 4349 691 4405 Historia
714 4352 1093 4416 dynastiarum
1121 4351 1395 4414 (ibidem).
