3175 5084
1231 481 1683 550 -307-

295 752 300 753 f
378 667 562 760 quod
601 666 771 738 nihil
807 667 896 740 de
923 668 1178 762 spiritu
1218 667 1428 754 dixit,
1472 669 1851 742 evidenter,
1881 672 2186 745 ostendit
2227 679 2549 769 quoniam

378 782 692 876 spiritus-
726 802 890 855 cum⁵
913 792 1223 877 corpore
1241 780 1254 815 ²
1275 786 1385 858 vel
1433 786 1660 883 ¹anima
1710 788 2097 880 peccatrice
2151 792 2296 863 ‘non
2342 793 2549 865 simul

375 900 681 991 punitur.
741 900 1107 985 Quinemm
1156 901 1467 992 peccavit
1517 901 1871 985 dividitur,
1930 913 2017 975 et‘
2050 906 2211 998 pars
2268 908 2545 999 quidem

375 1012 538 1104 ejus*
572 1010 725 1087 cum
789 1010 1189 1087 infidelibus
1245 1016 1562 1107 punitum
1633 1018 1820 1109 quod
1883 1027 2105 1091 autem
2168 1039 2304 1092 non
2364 1022 2542 1114 eiu&

374 1129 741 1201 revertitur
775 1128 856 1199 ad
897 1131 1110 1200 Deum
1147 1129 1266 1222 qui
1302 1129 1492 1201 dedit
1527 1150 1708 1201 eum.
1763 1159 1800 1196 >2
2164 1194 2167 1199 .

472 1244 720 1315 Paucis
755 1243 1161 1335 interjectis,
1204 1244 1275 1314 in
1312 1245 1616 1316 eamdem
1673 1247 2085 1318 sententiam
2133 1249 2480 1349 pergit-(i)
2524 1278 2538 1323 ε

270 1455 276 1461 .
376 1387 412 1423 ιι
440 1358 697 1430 Dividit
723 1367 945 1429 autem
977 1379 1158 1440 eum,
1192 1359 1467 1451 quando
1496 1360 1785 1451 spiritus
1824 1362 2276 1454 quidemejus
2312 1387 2543 1438 rever·

372 1475 540 1546 titur
566 1475 658 1544 >ad
696 1476 911 1546 Deum
948 1474 1066 1566 qui
1104 1475 1295 1546 dedit
1330 1488 1509 1557 eum,
1549 1477 1774 1546 anima
1809 1486 2219 1550 autemeam
2257 1501 2545 1573 corpore

374 1610 503 1661 suo
533 1589 722 1659 vadit
757 1590 825 1659 in
859 1591 1271 1682 gehennam.
1311 1591 1551 1661 ,Iustus
1585 1593 1812 1662 autem
1848 1614 1983 1663 non
2022 1594 2374 1677 dividitur,
2396 1598 2543 1668 'sed

372 1705 593 1775 anima
629 1705 775 1796 ejus
812 1705 1000 1776 vadit
1034 1724 1188 1776 cum
1225 1705 1473 1796 spiritu
1510 1707 1595 1776 ad
1631 1727 1846 1798 regna
1874 1709 2204 1780 coelestia.
2252 1712 2546 1803 Propter

372 1819 570 1910 quod¹
619 1819 952 1911 scriptum
1018 1830 1123 1889 est
1160 1818 1235 1913 (a)
1277 1843 1308 1888 ·:
1363 1822 1770 1902 Benedicite,
1825 1825 2113 1910 spiritus
2170 1836 2237 1894 et
2296 1827 2545 1896 animoe

357 1935 745 2023 justorum,
822 1938 1122 2008 Domina.
1203 1936 1454 2007 Eorum
1527 1945 1751 2017 autem
1820 1938 1939 2030 qui
2010 1939 2406 2015 dividuntur
2474 1951 2544 2013 et

371 2048 725 2148 deponunt
787 2049 1105 2141 spiritum
1169 2058 1624 2121 revertentem
1694 2052 1775 2122 ad
1849 2074 2004 2122 eum
2073 2055 2189 2145 qui
2262 2055 2544 2127 dederat

273 2226 288 2235 .
371 2182 551 2246 eum,
599 2171 700 2235 et
710 2185 847 2234 non
904 2165 1151 2235 habent
1201 2166 1640 2256 postmodum
1692 2167 1760 2235 in
1809 2188 1883 2238 se
1932 2160 2196 2258 partem
2246 2168 2539 2263 aliquam

370 2277 523 2370 qnae
551 2280 704 2350 erat
740 2299 821 2350 ex
858 2281 1027 2361 Dec,
1040 2276 1482 2373 relinquitur
1533 2281 1659 2350 eis
1683 2303 1848 2373 pars
1896 2301 2133 2353 eorum
2189 2296 2353 2376 quae
2397 2293 2541 2355 erat

367 2394 700 2487 ipsorum,
743 2395 811 2464 id
850 2405 957 2466 est
993 2396 1436 2488 anima‚'quae
1489 2416 1644 2467 cum
1698 2418 1986 2488 corpore
2039 2418 2165 2470 suo
2216 2401 2539 2490 punietur

368 2530 405 2578 a
467 2510 760 2578 Domino
817 2509 1160 2592 veniente,
1230 2529 1382 2580 curn
1447 2510 1841 2580 infidelibus
1905 2522 1971 2583 et
2037 2512 2413 2604 hypocritis
2466 2513 2537 2583 in

367 2627 750 2696 tormentis
792 2654 828 2690 >›
1742 2650 1749 2655 ·

420 2781 428 2786 ·
467 2745 642 2816 Cave
679 2747 902 2816 autem
940 2764 1026 2816 ne
1080 2745 1188 2815 bis
1226 2745 1708 2837 similibusque
1745 2745 2066 2838 origenis
2112 2747 2538 2819 testimoniis

364 2880 725 2952 perperam
797 2860 1193 2943 intellectis,
1272 2860 1525 2932 inferas
1602 2861 1687 2932 iis
1756 2861 2098 2958 contineri
2146 2861 2536 2932 absurdum

363 2975 819 3047 trichotomiae
884 2984 1183 3069 systema
1234 2973 1343 3069 (3);
1412 2998 1546 3068 qua
1595 2976 2154 3068 interpretatione
2205 2976 2529 3061 admissa,

364 3110 466 3159 ex
483 3090 879 3162 eorumdem
917 3090 1395 3162 convenientia
1445 3111 1615 3161 cum
1648 3091 1960 3161 doctrina
1994 3091 2359 3203 Aphraatis
2397 3113 2533 3162 non

363 3204 567 3303 modo
617 3198 802 3277 nulla
856 3201 1015 3276 huic
1069 3205 1598 3278 commendatio
1621 3206 2003 3289 accederet,
2045 3226 2279 3276 verum
2331 3207 2532 3278 etiam

360 3339 500 3413 non
535 3304 805 3390 modica
842 3326 1080 3400 contra
1117 3319 1334 3433 ipsam
1366 3320 1676 3411 suspicio
1708 3320 2029 3393 oriretur.
2067 3321 2255 3395 Illam
2284 3314 2532 3394 calum-

360 3434 558 3504 niam
575 3442 815 3505 auctor
842 3434 996 3525 ipse
1022 3456 1059 3502 a
1088 3426 1164 3505 se
1193 3434 1501 3525 depellit,
1541 3455 1704 3505 cum
1726 3452 1915 3526 saepe
1944 3444 2227 3506 asserat
2241 3435 2535 3509 animam

357 3543 608 3661 (ψυχήν)
645 3546 970 3639 cujusvis
999 3549 1158 3620 'vitae
1212 3548 1282 3618 in
1329 3549 1605 3620 homine
1650 3550 2081 3643 principium
2148 3572 2351 3633 esse,
2394 3552 2533 3623 imo

355 3666 617 3759 passim
668 3656 1067 3759 argument-a
1115 3666 1336 3737 solvat
1391 3660 1434 3736 a
1499 3666 1850 3739 Gnosticis
1903 3689 1982 3739 ea
2035 3667 2121 3741 dc
2179 3689 2250 3738 re
2303 3667 2534 3739 afferri

266 3799 277 3807 ’
356 3780 585 3859 solita.
629 3780 854 3866 Quare
887 3781 1302 3873 ubicumque
1351 3780 1594 3857 animae
1646 3762 1718 3861 et
1765 3782 2074 3885 spiritus
2099 3784 2303 3864 simul
2341 3804 2529 3855 men·

411 4029 493 4099 (1)
529 3999 1191 4095 Ejusd.tom.col.1699.

421 4109 491 4172 (a)
528 4111 661 4161 nan
692 4110 787 4168 111
815 4110 898 4161 86

355 4194 492 4327 30(65)
529 4192 635 4247 Csr.
665 4193 865 4254 stockL
890 4192 1182 4247 Lehrbueh
1220 4194 1316 4244 der
1343 4193 1655 4249 Geschicme
1696 4197 1787 4247 der
1825 4186 2198 4265 philosophie,
2211 4208 2345 4302 pp„
2342 4186 2442 4283 505
2478 4184 2534 4248 et
