3175 5084
1256 450 1701 519 ...263-

392 661 591 716 cesse
639 644 798 731 erit,
851 644 1530 736 demonstrabuntur,
1568 645 1686 717 ubi
1739 666 1895 740 quae
1942 645 2029 719 de
2068 645 2298 718 anima
2348 641 2556 718 tradit

396 769 631 835 auctor
664 762 1160 858 expendemus.

493 881 589 953 De
650 879 787 954 fide
853 879 1146 976 aliisque
1212 878 1794 975 dispositionibus
1852 879 1938 952 ad
1988 877 2555 971 justificationem

393 994 749 1089 requisitis
783 996 944 1069 talia
976 994 1222 1070 scribit
1253 994 1664 1090 Aphraates,
1705 1016 1859 1089 quae
1893 994 2128 1069 haberi
2175 994 2448 1087 possint
2481 1003 2559 1069 ut

395 1110 761 1203 perspicua
787 1109 1097 1204 quaedam
1125 1109 1471 1204 expositio
1506 1109 1842 1183 doctrinae
1875 1107 2063 1183 illius
2098 1109 2480 1195 catholicae,
2521 1133 2561 1185 a

395 1232 834 1299 sacrosancta
869 1225 1267 1300 Tridentina
1296 1224 1563 1319 synodo
1600 1224 2003 1297 solemniter
2037 1224 2397 1298 declaratae
2424 1225 2502 1319 (1)
2536 1251 2552 1297 ε

398 1368 435 1405 «
468 1340 675 1412 Fides
730 1350 839 1413 est
897 1341 1205 1414 humanae
1263 1338 1508 1412 salutis
1572 1338 1867 1425 initium,
1930 1339 2444 1414 fundamentum
2492 1350 2562 1414 et

397 1454 588 1527 radix
646 1455 873 1529 omnis
925 1453 1483 1548 justificationis,
1551 1453 1705 1530 sine
1766 1476 1900 1548 qua
1959 1453 2391 1549 impossihile
2454 1464 2566 1529 est

396 1569 669 1665 placere
703 1572 848 1643 Deo
884 1581 952 1644 et
985 1571 1069 1642 ad
1105 1569 1406 1642 filiorum
1441 1568 1591 1661 ejus
1626 1569 2057 1642 consortium
2091 1571 2477 1664 pervenire.
2519 1598 2556 1637 »

395 1688 541 1758 Jam
573 1687 643 1757 in
678 1686 1105 1780 antegressis
1154 1686 1327 1757 hanc
1363 1704 1448 1757 ex
1483 1684 1707 1777 ipsius
1746 1705 1866 1758 ore
1903 1685 2312 1758 sententiam
2360 1706 2561 1760 exce-

398 1803 625 1897 pimus
651 1800 728 1899 (ς)
766 1828 781 1874 :
819 1832 857 1869 «
891 1801 1315 1896 Principium
1351 1800 1656 1873 omnium
1692 1801 2028 1874 honorum
2062 1823 2351 1897 operum
2375 1802 2564 1875 istud

398 1939 628 1992 coram
683 1918 827 1992 Deo
877 1917 1279 2013 requiritur,
1323 1923 1395 1989 ut
1431 1914 1792 1989 credamus
1842 1938 2049 1990 unum
2099 1938 2258 1991 esse
2307 1917 2558 2001 Deum;

397 2040 541 2108 tum
611 2033 1076 2107 necessarium
1146 2041 1254 2104 est
1323 2040 1397 2103 ut
1463 2030 1626 2104 fidei
1696 2033 2025 2105 addamus
2094 2032 2564 2107 mandatorum

400 2149 1054 2224 observationem.»
1117 2148 1383 2219 Pariter
1442 2146 1826 2221 audivimus
1887 2148 2338 2243 explicantem
2398 2148 2564 2243 quid

402 2267 562 2339 fidei
617 2264 985 2339 salutiferae
1047 2263 1323 2335 nomine
1382 2262 1748 2356 intelligat,
1809 2285 2054 2358 nempe
2106 2284 2241 2338 non
2296 2265 2565 2336 inanem

399 2385 612 2470 illam,
652 2403 854 2477 quam
880 2381 1141 2474 jactant
1195 2382 1696 2465 Protestantes,
1737 2379 2057 2453 fiduciam
2110 2381 2198 2453 de
2248 2387 2565 2475 peccato-

401 2523 550 2573 rum
587 2497 1089 2573 condonatione
1141 2517 1265 2590 pcr
1318 2504 1666 2568 externam
1721 2498 2237 2590 imputationem
2284 2497 2565 2571 merito-

400 2637 551 2689 rum
586 2624 655 2687 et
680 2611 969 2707 justitiae
1006 2610 1287 2695 Christi,
1330 2609 1453 2683 sed
1492 2609 1762 2684 firmum
1802 2612 2050 2685 mentis
2094 2633 2456 2687 assensum
2492 2611 2581 2690 in.

400 2735 628 2809 omnia
664 2753 817 2827 quae
842 2731 1026 2803 Deus
1062 2726 1265 2802 nobis
1300 2728 1651 2800 revelavit.
1688 2757 1724 2794 «
1761 2729 1925 2801 Haec
1953 2737 2060 2802 est
2094 2737 2321 2802 autem
2355 2727 2558 2812 fides,

403 2850 497 2922 ait
542 2846 642 2947 (3),
698 2856 774 2920 ut
819 2846 1054 2918 credat
1104 2846 1308 2917 homo
1358 2843 1428 2913 in
1489 2845 1731 2929 Deum,
1802 2864 2029 2916 rerum
2091 2844 2561 2917 universarum

404 2964 793 3046 Dominum,
844 2960 962 3054 qui
1004 2960 1168 3031 fecit
1211 2959 1458 3030 coelum
1503 2966 1570 3029 et
1615 2967 1994 3031 terram...
2044 2958 2150 3031 Ad
2195 2980 2341 3031 eam
2392 2957 2561 3029 illud

406 3099 678 3175 quoque
723 3077 1049 3171 pertinet,
1107 3074 1290 3169 quod
1338 3072 1699 3145 credamus
1746 3074 2323 3148 resurrectionem
2384 3094 2565 3146 mor-

405 3205 675 3269 tuorum
712 3204 779 3266 et
815 3190 1146 3285 Baptismi
1189 3189 1826 3263 Sacramentum...
1867 3219 1903 3256 »
2470 3287 2475 3292 ¹

504 3310 714 3401 Cujus
783 3307 983 3390 fidei,
1060 3305 1403 3399 simulque
1463 3305 1800 3378 bonorum
1870 3328 2194 3401 operum,
2256 3306 2568 3380 necessi-

402 3421 611 3502 tatem
661 3426 764 3500 sic
823 3422 919 3522 (ut
979 3424 1111 3496 hoc
1169 3421 1552 3517 specimine
1613 3429 1784 3518 utar)
1837 3424 2134 3497 inculcat
2172 3419 2249 3520 (4)
2308 3448 2323 3496 :
2370 3451 2408 3488 «
2443 3423 2565 3497 Se-

405 3543 681 3638 quentia
725 3561 910 3614 nunc
954 3538 1191 3634 accipe
1241 3538 1329 3611 de
1380 3537 1518 3612 fide
1567 3560 1722 3634 quae
1773 3550 1989 3633 petrae
2032 3538 2570 3635 superimposita

405 3669 473 3733 et
531 3659 618 3731 de
684 3655 978 3731 aedificio
1037 3655 1223 3750 quod
1284 3654 1510 3727 eidem
1577 3664 2130 3748 superstructum
2197 3663 2328 3729 est.
2417 3655 2564 3727 Pri·

469 3889 544 3950 (ι)
578 3888 723 3938 sess.
751 3883 837 3946 vi,
862 3841 1354 3946 demittat-atione,
1379 3848 1503 3946 cap.
1530 3881 1670 3934 vin.

473 3987 550 4050 (Ξ)
581 3983 832 4052 Wright„
859 3996 912 4049 p.
942 4002 1011 4030 u-
1048 3978 1097 4028 Δ
1124 4011 1143 4029 .
1175 3977 1283 4034 uir.
1307 3991 1455 4046 ειη»,
1481 3992 1537 4046 p.
1562 3980 1681 4033 251.

476 4105 549 4166 (3)
586 4100 838 4169 Wrignt„
864 4116 920 4169 p.
956 4110 1106 4158 une,
1146 4104 1202 4152 et
1224 4110 1370 4164 sup.‚
1400 4112 1454 4165 p.
1479 4097 1601 4162 229,
1628 4103 1743 4152 not.
1776 4101 1821 4151 ¹.

475 4218 551 4281 (4)
584 4214 794 4283 Wright
819 4253 837 4281 ‚
871 4231 927 4285 p.
962 4222 988 4288 1
1025 4230 1163 4285 seq:
1206 4202 1494 4276 &aab
1525 4241 1543 4260 .
1567 4202 1858 4273 ΙΔο-ἱὸαισι
1887 4203 2242 4264 X-SQ
2276 4225 2388 4295 (ἡ
2421 4205 2578 4280 μου
2618 4233 2627 4241 ¹

414 4333 1348 4434 &mammos-tata
1398 4330 2584 4421 umsmmaawsscxa
