3175 5084
1259 518 1337 531 -—
1420 480 1541 547 :257
1631 515 1709 532 -

395 673 684 768 Propter
710 691 858 743 eam
895 670 1171 742 inducta
1207 678 1315 742 est
1350 670 1738 744 maledictio
1775 670 1954 767 legis
1990 680 2060 743 et
2093 680 2378 766 propter
2409 692 2558 748 eam

399 787 599 858 morti
648 785 906 860 addicti
955 806 1194 857 sumus
1235 810 1251 857 ε
1310 807 1462 857 nam
1518 787 1587 856 in
1641 785 1997 859 doloribus
2048 784 2305 858 liberos
2348 787 2552 880 parit,

326 962 336 971 .
398 922 655 996 eosque
691 900 894 973 morti
933 900 1167 973 tradit.
1212 899 1378 992 Ej'us
1430 921 1636 973 causa
1687 909 1870 974 terra
1926 909 2277 974 exsecrata
2313 912 2446 1002 est,
2486 909 2562 976 ut

267 1031 272 1034 ·
398 1017 632 1111 spinas
694 1018 932 1090 fundat
989 1025 1059 1088 et
1117 1016 1436 1089 carduos.
1497 1017 1748 1089 Postea
1796 1038 1960 1090 vero
2021 1037 2147 1110 per
2198 1017 2560 1091 adventum

396 1134 551 1204 Filii
589 1133 804 1206 beatae
840 1132 1069 1206 Mariae
1106 1132 1328 1225 spinae
1364 1132 1619 1205 evulsae
1657 1142 1820 1205 sunt
1871 1142 1939 1205 et
1990 1133 2184 1206 labor
2218 1133 2556 1206 sublatus,

399 1252 600 1323 Ficus
654 1234 946 1344 quidem
992 1245 1462 1322 maledictioni
1519 1249 1917 1342 subjacebat
1976 1258 2045 1323 et
2101 1259 2281 1323 terra
2340 1250 2408 1322 in
2463 1251 2565 1322 sal

398 1387 729 1439 conversa
766 1373 910 1438 erat
946 1361 1057 1459 (l);
1114 1364 1236 1437 sed
1295 1365 1687 1438 maledictio
1742 1366 1933 1438 cruci
1987 1365 2182 1437 affixa
2224 1374 2295 1437 et
2328 1387 2565 1440 mucro

398 1483 609 1576 gladii
662 1504 700 1554 a
750 1481 925 1555 facie
960 1482 1229 1555 arboris
1286 1482 1446 1554 vitae
1498 1483 1767 1554 ablatus
1819 1492 1950 1556 est.
1996 1483 2239 1557 Datum
2293 1491 2400 1557 est
2447 1484 2570 1555 ali·

400 1607 697 1670 mentum
737 1597 1092 1680 fidelibus;
1152 1597 1547 1670 hominibus
1603 1598 1764 1691 piis,
1804 1599 2028 1693 iisque
2082 1600 2198 1694 qui
2245 1599 2569 1672 sanctita-

397 1723 535 1785 tem
587 1722 655 1786 et
705 1712 1171 1807 virginitatem
1233 1714 1470 1784 colunt
1530 1714 1893 1807 paradisus
1955 1715 2345 1807 promissus
2401 1714 2562 1796 fuit;

398 1830 750 1902 distributi
786 1838 947 1901 sunt
990 1828 1256 1901 fructus
1305 1829 1574 1902 arboris
1628 1830 1786 1903 vitae
1823 1831 1890 1901 in
1931 1852 2158 1904 escam
2212 1831 2564 1914 fidelibus,

399 1945 784 2040 virginibus
821 1953 889 2016 et
926 1944 1064 2015 illis
1102 1944 1219 2036 qui
1275 1944 1400 2015 Dei
1453 1945 1829 2038 adimplent
1880 1947 2324 2019 voluntatem.
2369 1947 2572 2018 Porta

400 2071 634 2156 aperta
686 2072 819 2145 est,
875 2070 1087 2133 strata
1140 2062 1273 2146 via,
1335 2062 1519 2134 Fons
1573 2063 1722 2133 fluit
1770 2073 1839 2134 et
1892 2073 2128 2156 potum
2177 2063 2572 2135 sitientibus

400 2180 757 2273 propinat3
819 2199 1054 2250 mensa
1109 2177 1470 2262 instructa,
1513 2179 1903 2252 convivium
1956 2189 2293 2272 paratum,
2336 2189 2572 2251 taurus

404 2294 683 2388 pinguis
733 2292 1010 2365 occisus
1060 2303 1202 2377 est;
1258 2294 1432 2365 calix
1490 2289 1733 2366 salutis
1787 2296 2068 2380 mixtus,
2111 2296 2332 2389 epulae
2379 2295 2575 2367 ador·

402 2419 601 2495 natae,
643 2416 712 2482 et
764 2429 1061 2501 sponsus
1116 2429 1272 2481 mox
1321 2407 1737 2481 discumbet.
1798 2408 2115 2503 Apostoli
2171 2410 2568 2494 invitarunt,

401 2523 679 2618 plurimi
715 2524 936 2597 vocati
974 2524 1189 2596 fuere.
1241 2552 1276 2588 »

501 2643 786 2715 Mortem
824 2641 1090 2733 peccati
1138 2639 1502 2734 originalis
1540 2661 1814 2734 poenam
1848 2662 2005 2715 esse
2043 2641 2290 2714 iterum
2343 2642 2564 2714 incul-

402 2769 513 2832 cat
542 2759 830 2852 Sapiens
888 2759 1098 2829 Persa
1159 2758 1356 2829 initio
1410 2760 1716 2829 Homiliae
1768 2760 1958 2830 XXII
1988 2755 2063 2856 (a)
2106 2783 2122 2831 ε
2167 2787 2205 2824 «
2241 2757 2570 2830 Homines

403 2876 599 2962 recti,
663 2873 865 2967 justi,
936 2873 1099 2944 boni
1166 2883 1235 2945 et
1305 2873 1685 2966 sapientes,
1757 2874 2008 2968 inquit,
2075 2883 2365 2948 mortem
2433 2894 2570 2946 non

401 2991 644 3069 timent
669 3008 797 3061 neo
826 2986 1300 3071 reformidant,
1333 2997 1623 3081 propter
1650 3009 1844 3081 spem
1863 2988 2126 3062 firmam
2152 3010 2306 3082 quae
2332 3008 2570 3063 eorum

402 3104 746 3177 mentibus
795 3102 1227 3174 obversatur.
1272 3102 1559 3195 Semper
1616 3103 1797 3175 enim
1845 3103 2296 3177 recordantur
2345 3103 2571 3178 exitus

404 3240 606 3313 quem
654 3238 840 3289 mors
894 3216 1169 3289 tandem
1225 3217 1502 3290 habebit
1554 3229 1624 3289 et
1673 3220 1930 3293 ultimae
1964 3219 2130 3305 diei,
2172 3241 2305 3314 qua
2344 3239 2570 3315 genus

403 3333 1226 3426 humanumjudicabitur.
1264 3335 1504 3406 Sciunt
1541 3345 1826 3409 mortem
1856 3358 1939 3410 ex
1968 3336 2196 3410 divina
2232 3337 2573 3411 sententia

403 3475 694 3550 regnare
746 3463 1031 3547 propter
1077 3453 1318 3525 Adami
1373 3454 1990 3547 trangressionem,
2029 3454 2302 3528 dicente
2347 3454 2568 3547 Apos-

403 3573 544 3644 tolo
606 3566 679 3668 (3)
736 3596 752 3644 z
813 3572 1141 3660 Reqnavit
1190 3590 1371 3640 mora
1423 3571 1507 3639 ab
1558 3571 1817 3643 Adamo
1867 3591 2081 3663 usque
2129 3571 2222 3643 ad
2268 3572 2566 3663 Moysen,

400 3692 607 3761 etiam
635 3691 710 3759 in
735 3707 843 3758 eos
876 3689 1157 3777 quinon
1183 3698 1657 3776 peccaverunt,
1682 3688 1847 3761 adeo
1872 3698 1978 3773 ut,
2007 3687 2571 3781 quemadmodum

367 3817 372 3827 ’
405 3804 663 3876 Adamo
686 3803 1103 3905 supervenit,
1135 3803 1238 3873 ita
1263 3803 1337 3872 in
1363 3804 1713 3874 universos
1737 3804 2038 3876 homino-5
2054 3804 2564 3895 pertransierit.

471 4035 545 4097 (l)
581 4034 703 4086 Haec
741 4030 1056 4098 metaphora
1097 4043 1165 4084 ex
1200 4031 1475 4098 Scriptura
1516 4031 1805 4100 desumpta
1844 4038 1901 4086 et
1937 4030 2009 4085 de
2051 4029 2367 4087 omnimoda
2413 4035 2573 4082 term

407 4114 690 4168 sterilitate
712 4111 1064 4182 intelligenda
1088 4118 1191 4166 est.
1219 4112 1327 4192 egr.
1355 4114 1646 4167 Deuteron.
1676 4114 1847 4179 xxix,
1872 4114 1958 4166 23.

472 4214 545 4277 (2)
575 4214 830 4283 Wright„
856 4228 911 4282 p.
946 4212 1112 4276 ⁸4⁶2
1155 4237 1169 4253 ·

474 4320 547 4382 ‹5›
581 4319 734 4370 nom.
767 4319 823 4378 v,
854 4319 937 4370 14.

2328 4377 2414 4460 ‚19
