3175 5084
1225 492 1676 561 ...307-

372 679 557 773 quod
596 678 766 750 nihil
802 679 892 752 de
926 679 1172 773 spiritu
1225 678 1422 764 dixit,
1466 678 1824 751 evidenter
1875 680 2180 761 ostendit
2221 685 2543 776 quoniam

372 795 686 889 spiritus·
721 814 884 867 cum·
909 814 1217 888 ‘corpore
1235 792 1248 823 ”
1268 796 1379 867 vel
1428 795 1654 893 'anima
1704 796 2091 889 peccatrice
2148 819 2290 870 ‘non
2336 800 2543 872 simul

370 912 676 1006 punitur
736 911 865 997 Qui
919 911 1102 982 enim
1151 910 1461 1003 peccavit
1511 910 1866 993 dividitur,
1924 920 2011 983 et
2044 914 2205 1005 pars
2262 915 2540 1006 quidem

370 1026 530 1118 ejus
567 1047 722 1099 cum
783 1025 1184 1097 infidelibus
1241 1025 1557 1118 punitum
1627 1027 1815 1118 quod
1878 1035 2100 1101 autem
2163 1046 2299 1099 non
2360 1029 2539 1120 εῄιιε,

370 1141 737 1214 revertitur
770 1140 852 1210 ad
892 1142 1106 1211 Deum
1143 1140 1262 1232 qui
1297 1139 1488 1211 dedit
1522 1160 1795 1211 eum.»

468 1257 715 1328 Paucis
749 1255 1157 1347 interjectis,¹
1197 1255 1271 1325 in
1308 1255 1612 1326 eamdem
1668 1255 2079 1327 seutentiam
2128 1259 2360 1350 pergit
2403 1256 2476 1356 (ι)
2519 1284 2534 1329 z

373 1401 408 1436 «
436 1371 693 1443 Dividit
720 1379 941 1441 autem
974 1390 1155 1451 eum,
1189 1369 1463 1462 quando
1493 1369 1781 1461 spiritus
1819 1370 2096 1462 quidem
2125 1371 2272 1462 ejus
2310 1394 2539 1445 rever·

264 1469 270 1475 ’
368 1489 536 1560 titur
570 1488 654 1557 ad
693 1488 907 1558 Deum
945 1486 1063 1578 qui
1101 1486 1292 1557 dedit
1327 1506 1506 1567 eum,
1545 1486 1770 1555 anima
1806 1496 2215 1558 autemeam
2253 1509 2543 1580 corpore

370 1624 500 1675 suo
529 1602 718 1673 vadit
753 1602 822 1671 in
860 1603 1269 1694 gehennam.
1308 1602 1549 1671 ,Iustus
1583 1611 1809 1671 autem
1845 1623 1980 1671 non
2018 1602 2371 1684 dividitur,
2415 1603 2539 1675 sed

369 1719 589 1789 anima
625 1719 772 1809 ejus
809 1717 996 1790 vadit
1032 1736 1186 1787 cum
1223 1715 1471 1808 spiritu
1507 1717 1592 1786 ad
1628 1737 1843 1808 regna
1870 1718 2200 1789 coelestia.
2248 1719 2543 1811 Propter

369 1833 554 1924 quod
616 1832 950 1924 scriptum
1015 1842 1121 1902 est
1158 1830 1233 1924 (ι)
1291 1854 1305 1900 :
1361 1832 1767 1912 Benedici&
1823 1833 2110 1920 spiritus
2154 1844 2234 1902 ⁴et:
2293 1835 2543 1903 animoe

355 1950 743 2038 justomm,
820 1950 1122 2021 Domino,
1202 1948 1452 2019 Eorum
1523 1956 1749 2019 autem
1818 1948 1936 2039 qui
2008 1947 2404 2021 dividuntur
2472 1958 2542 2021 et

370 2062 723 2159 deponunt
785 2062 1103 2155 spiritum
1166 2068 1623 2131 revertentem
1693 2061 1774 2132 ad
1847 2083 2001 2132 eum
2071 2062 2188 2154 qui
2260 2062 2543 2134 dederat

271 2240 284 2249 .
369 2196 548 2260 eum,
596 2187 665 2248 et
709 2198 845 2247 non
902 2177 1150 2247 habent
1200 2176 1639 2267 postmodum
1691 2177 1758 2245 in
1808 2197 1881 2247 se
1934 2187 2194 2267 partem
2245 2176 2538 2270 aliquam

369 2312 522 2384 quae
559 2296 703 2363 erat
739 2312 820 2364 ex
857 2294 1025 2373 Dec,
1069 2289 1482 2383 relinquitur
1531 2290 1634 2360 eis
1682 2312 1847 2382 pars
1896 2310 2131 2361 eorum
2187 2304 2342 2384 quae
2396 2300 2540 2362 erat

366 2408 700 2501 ipsorum,
742 2408 811 2478 id
849 2417 956 2479 est
992 2407 1238 2489 anima,
1284 2426 1436 2498 quae
1489 2426 1644 2476 cum
1697 2426 1985 2497 corpore
2037 2428 2164 2478 suo
2215 2408 2538 2498 punietur

367 2544 404 2592 a
465 2523 757 2592 Domino
817 2521 1160 2637 veniente,
1230 2540 1382 2591 curn
1447 2520 1840 2651 infidelibus
1904 2530 1970 2591 et
2036 2520 2413 2613 hypocritis
2467 2520 2537 2590 in

367 2640 828 2710 torniellus.»

421 2759 642 2829 Cave
679 2764 903 2829 autem
940 2777 1026 2828 ne
1080 2757 1188 2827 bis
1225 2698 1709 2847 similibusque
1746 2754 2067 2848 origenis
2121 2755 2539 2827 testimoniis

365 2894 727 2966 perperam
798 2873 1193 2955 intellectis,
1271 2872 1525 2943 inferas
1603 2871 1689 2942 iis
1757 2870 2099 2941 contineri
2167 2870 2537 2940 absurdum

364 2988 821 3061 trichotomiae
885 2996 1185 3081 systema
1235 2985 1344 3081 (a);
1413 3009 1547 3079 qua
1597 2987 2155 3078 interpretatione
2206 2985 2530 3071 admissa,

366 3124 448 3173 ex
484 3103 881 3175 'eorumdem
919 3102 1396 3173 convenientia
1449 3121 1603 3172 cum
1650 3101 1961 3172 doctrina
1998 3100 2361 3192 Aphraatis
2399 3122 2535 3172 non

366 3219 570 3293 modo
619 3212 804 3289 nulla
858 3214 1016 3287 huic
1070 3216 2005 3298 commendatio‘accederet‚
2046 3236 2281 3286 verum
2332 3216 2534 3287 ctiam

363 3354 502 3425 non
537 3332 807 3404 modica
844 3339 1082 3403 contra
1118 3331 1336 3422 ipsam
1368 3314 1679 3422 suspicio
1710 3330 2031 3403 oriretur.
2069 3330 2257 3417 Illam
2286 3328 2535 3417 calum·

364 3448 541 3517 niam
578 3455 818 3517 auctor
843 3446 998 3539 ipse
1024 3466 1062 3515 a
1090 3462 1166 3517 se
1195 3444 1504 3537 depellit,
1541 3465 1707 3516 cum
1728 3464 1917 3536 saepe
1948 3453 2229 3514 asserat
2244 3443 2537 3517 animam

361 3556 592 3675 (ψυχήν)
648 3558 952 3651 cujusvis
1001 3561 1160 3632 vitae
1215 3560 1284 3630 in
1331 3561 1608 3631 homine
1670 3559 2084 3653 principium
2151 3580 2354 3641 esse,
2397 3560 2537 3632 imo

359 3679 620 3772 passim
672 3668 1070 3771 argumenta
1119 3678 1340 3748 solvat
1397 3670 1437 3747 a
1502 3676 1853 3749 Gnosticis
1906 3698 1985 3748 ea
2038 3675 2124 3751 de
2181 3698 2253 3747 re
2307 3676 2534 3748 afferri

270 3812 280 3821 ·
361 3794 589 3873 solita.
633 3793 858 3879 Quare
891 3792 1305 3884 ubicumque
1354 3791 1598 3867 animae
1650 3801 1721 3871 et
1768 3792 2077 3895 spiritus
2103 3792 2307 3874 simul
2346 3813 2534 3864 men·

425 4043 497 4109 (1)
534 4040 722 4109 Ejusd.
753 4043 888 4093 tom
910 4038 1194 4099 col.169.9.

426 4123 496 4186 (ἱ)
533 4122 904 4180 Dan.111‚86.

425 4208 497 4270 (ὅ)
534 4205 640 4260 Csr.
669 4204 870 4266 steen,
895 4204 1187 4259 Lem-buch
1225 4205 1321 4255 der
1348 4203 1659 4259 Geschz’chte
1701 4206 1792 4257 der
1829 4204 2203 4277 mammam,
2216 4217 2351 4291 pp.
2348 4196 2448 4257 505
2484 4206 2540 4255 et

362 4288 479 4341 506.
