3175 5084
1326 1130 2017 1286 APPENDIX.

689 1472 886 1560 Quod
922 1475 1435 1545 Dissertationis
1471 1482 1730 1545 nostrae
1766 1472 1962 1545 initio
1990 1471 2068 1567 (1)
2095 1471 2566 1565 promisimus,
2607 1473 2758 1546 fore

590 1587 860 1660 scilicet
893 1595 968 1659 ut
1002 1587 1405 1681 appendicis
1451 1588 1607 1660 loco
1661 1587 1972 1681 quaedam
2006 1585 2369 1682 Aphraatis
2404 1598 2748 1682 excerpta,

590 1703 922 1777 latinitate
968 1705 1235 1788 donata,
1300 1724 1875 1798 proponeremuS,
1941 1725 2095 1798 quae
2154 1704 2473 1777 omnibus
2529 1722 2757 1777 asser·

587 1819 894 1892 tionibus
953 1818 1766 1913 considerationibusque
1826 1819 1912 1892 de
1971 1820 2271 1892 auctoris
2325 1819 2637 1891 doctrina
2688 1828 2757 1891 et

590 1933 941 2006 scribendi
988 1932 1194 2006 modo
1242 1933 1627 2026 praemissis
1684 1934 1907 2006 lucem
1957 1932 2287 2006 adderent
2334 1941 2536 2027 atque
2590 1955 2754 2006 con-

592 2049 1068 2136 firmationem,
1136 2048 1206 2120 id
1257 2050 1425 2141 jam..
1489 2057 1649 2143 post
1712 2056 1815 2121 tot
1875 2051 2190 2144 exempla
2258 2051 2568 2134 antehac,
2632 2070 2758 2141 per

594 2169 924 2261 cujusque
958 2169 1171 2240 ferme
1207 2167 1612 2262 quaestionis
1650 2168 2104 2250 occasionem,
2137 2167 2495 2260 producta,
2530 2166 2755 2238 minus

591 2282 1057 2355 necessarium
1083 2281 1380 2355 videtur.
1415 2282 1506 2355 Ut
1531 2290 1756 2355 tamen
1794 2284 2014 2355 datam
2050 2284 2481 2357 exsolvamus
2517 2281 2748 2365 fldem,

593 2419 936 2492 unumque
969 2399 1206 2470 saltem
1247 2397 1674 2490 praebeamus
1704 2398 1990 2493 integrae
2017 2398 2304 2489 alicujus
2331 2396 2755 2469 tractationis

593 2514 979 2607 specimen,
1057 2513 1417 2585 subdimus
1486 2515 1795 2587 Homilz’oe
1861 2515 2045 2596 XXI,
2118 2514 2200 2585 de
2263 2515 2748 2603 persecutione,

596 2626 1228 2723 interpretationem
1250 2623 1350 2724 (a),
1377 2628 1561 2700 nulla
1588 2628 1850 2720 adjecta
1878 2628 2474 2710 commentatione,
2508 2636 2758 2719 praetcr

592 2765 969 2837 perpaucas
1005 2744 1275 2816 notulas
1321 2765 1473 2836 quae
1525 2745 1608 2814 ad
1664 2744 2022 2816 litteralem
2062 2753 2290 2815 textus
2328 2764 2604 2816 sensum
2645 2743 2758 2814 hic

594 2858 737 2930 illic
773 2858 1248 2932 illustrandum
1285 2859 1658 2953 pertinent.

1211 3158 1474 3208 HOMILIA
1524 3159 1603 3207 DE
1654 3158 2130 3209 PERSECUTIONE.

694 3332 1187 3406 Contumeliam
1252 3332 1477 3404 audivi
1543 3353 1695 3425 quae
1755 3332 1919 3404 mihi
1979 3333 2173 3404 valde
2234 3332 2522 3403 molesta
2582 3331 2707 3402 fuit
2737 3388 2756 3415 ,

593 3449 983 3521 hominibus
1021 3450 1391 3521 immundis
1426 3446 1503 3546 (a)
1540 3451 2008 3522 asserentibus
2044 3450 2302 3522 nullum
2350 3470 2507 3521 esse
2545 3449 2759 3520 Deum

594 3564 851 3657 populo
914 3564 1111 3649 huic,
1170 3566 1288 3658 qui
1334 3586 1416 3636 ex
1466 3565 1785 3637 omnibus
1848 3564 2238 3636 nationibus
2299 3571 2761 3658 congregatus

657 3792 732 3935 g}
763 3791 1243 3923 ἰῗίῐζίῐΐιὸῐῗῗιὶηωε
1264 3870 1559 3923 Homiciam
1580 3871 1722 3921 hanc
1744 3868 1965 3923 nonnisi
1987 3869 2041 3922 in
2061 3874 2209 3922 textu
2235 3865 2563 3934 primigenio
2587 3864 2767 3917 adhuc

601 3961 830 4007 exstare.
1596 3954 1601 3958 ·

664 4057 735 4118 (5)
768 4022 920 4113 ηις-ἑ
970 4051 1313 4116 vocabulum,
1339 4054 1483 4120 quod
1512 4052 1732 4120 proprie
1755 4061 1839 4106 est
1861 4054 2136 4119 impurum
2161 4053 2499 4117 immundus,
2519 4049 2767 4114 infideles

598 4154 688 4207 hic
708 4154 948 4208 denotat.
974 4153 1176 4209 Eodem
1202 4153 1367 4208 modo
1390 4154 1706 4207 hebraicum
1732 4144 1901 4238 ⁸23²?
1932 4154 2002 4208 de
2024 4153 2318 4222 gentitibus
2344 4153 2425 4207 vel
2451 4150 2615 4204 rebus
2641 4161 2767 4216 quae

595 4257 663 4312 ad
685 4257 837 4324 ipsos
860 4257 1090 4329 attinent
1115 4257 1258 4325 apud
1286 4260 1354 4312 Is.
1384 4260 1572 4321 xxxv,
1598 4258 1631 4308 8
1657 4263 1711 4311 et
1739 4260 1848 4321 tn,
1879 4260 1956 4319 tt,
1987 4262 2300 4320 usurpatur.

2772 4976 2795 5023 ζ’
2972 4990 3001 5011 ιι
3014 5002 3029 5027 3
3044 5010 3055 5021 ,

2824 5010 3129 5052 Ἱμθ-ΙΙ-ιμκ
