3175 5084
1361 460 1726 524 ..5--

443 665 691 717 versas
725 653 928 737 atque
965 645 1496 731 introductione,
1543 648 1730 719 notis
1767 658 1836 720 et
1871 652 2380 723 commentariis
2430 650 2628 725 illus-

449 768 696 844 tratas,
764 760 1092 833 continet.
1155 760 1325 833 Sunt
1386 769 1613 833 autem
1677 763 1812 837 illae
1873 773 2103 856 partes
2163 789 2176 834 ε
2246 769 2622 856 cateqort'oe,
2692 804 2702 817 ·

448 885 786 949 tractatus
823 881 954 972 περι·
993 882 1317 972 ἑρμηνείας,
1360 899 1482 951 seu
1518 879 1603 949 de
1638 882 2219 970 interpretatione,
2268 889 2336 952 et
2383 883 2626 973 analy-

457 995 601 1063 tica
629 996 891 1081 priora.

559 1103 635 1173 4⁰
696 1105 865 1176 Cod.
933 1106 1089 1181 add.
1162 1104 1434 1189 12‚154
1504 1107 1865 1179 exhibetur
1929 1109 2248 1181 collectio
2312 1110 2628 1183 undecim

455 1222 943 1309 Epistolarum,
987 1245 1156 1314 quas
1195 1218 1539 1314 Georgius
1578 1223 1659 1295 ad
1700 1224 1882 1295 viros
1921 1223 1988 1293 in
2028 1232 2207 1297 statu
2248 1226 2644 1299 monastico,

456 1334 796 1428 degentes
846 1344 960 1407 aut
1004 1337 1071 1406 in
1118 1337 1336 1408 sacris
1390 1337 1749 1409 ordinibus
1802 1339 2221 1413 constitutos
2268 1341 2632 1432 rescripsit

461 1449 551 1519 de
587 1451 1087 1542 quaestionibus
1130 1452 1213 1521 ad
1265 1451 1469 1522 fidem
1521 1452 1629 1522 vel
1686 1451 2147 1524 eruditionem
2194 1454 2631 1524 christianam

462 1564 963 1656 spectantibus.
1026 1564 1278 1648 Tertia,
1331 1572 1569 1657 quarta
1615 1575 1682 1636 et
1733 1565 1969 1657 quinta
2019 1566 2100 1636 ad
2155 1569 2629 1662 presbyterum

457 1677 769 1761 Josuam,
812 1678 880 1746 in
918 1699 1095 1770 pago
1143 1678 1335 1748 Anah
1383 1680 1754 1758 reclusum,
1799 1679 2080 1751 directae
2130 1689 2316 1751 sunt.
2362 1682 2630 1766 Quartae

456 1797 714 1874 autem,
781 1792 851 1860 in
911 1792 1228 1884 Lagardii
1298 1795 1649 1863 Analectis
1714 1795 2018 1883 Syriacis
2088 1794 2315 1876 editae,
2388 1815 2629 1865 novem

461 1905 702 1974 insunt
761 1906 1009 1996 capita,
1076 1927 1366 1997 quorum
1429 1905 1557 1976 tria
1619 1906 1847 1997 priora
1907 1907 1991 1978 de
2054 1907 2372 1999 Sapiente
2424 1909 2634 1979 Persa

462 2026 679 2113 agunt
715 2028 808 2103 et,
841 2043 877 2089 a
914 2021 1257 2113 Wrightio
1294 2021 1519 2091 denuo
1558 2020 1741 2113 typis
1780 2020 2115 2103 mandata,
2151 2021 2385 2092 Latina
2423 2021 2632 2093 inter·

458 2135 848 2225 pretatione
885 2157 1064 2206 nunc
1101 2137 1392 2226 primum
1428 2157 1464 2205 a
1504 2135 1704 2205 nobis
1737 2134 1983 2206 donata
2013 2135 2185 2205 infra
2221 2135 2619 2227 prodibunt.

570 2250 785 2320 Porro
822 2250 1056 2319 harum
1091 2251 1547 2338 Epistolarum
1604 2247 1972 2340 Georgium
2031 2249 2335 2340 gentium
2393 2269 2636 2341 reapse

464 2374 814 2435 auctorem
854 2386 1011 2434 esse
1048 2364 1227 2434 clare
1264 2363 1583 2434 evincunt
1612 2370 1677 2433 et
1715 2363 1915 2434 variae
1946 2362 2307 2455 scriptoris
2337 2365 2632 2455 appella-

466 2481 725 2562 tioneS‚
769 2480 909 2571 qui,
950 2488 1022 2550 ut
1068 2488 1252 2571 patet
1291 2499 1369 2549 ex
1421 2478 1622 2550 titulo
1660 2479 1997 2549 universae
2036 2478 2426 2549 collectioni
2466 2500 2634 2570 prae-

471 2595 718 2674 misso,
761 2590 1153 2685 Episcopus
1190 2592 1316 2664 suit
1353 2621 1389 2655 «
1426 2593 2033 2675 Thanuchaeorum,
2075 2590 2532 2685 Tughaeorum
2571 2602 2639 2664 et

471 2707 949 2791 Akulensium,
991 2736 1026 2772 »
1068 2729 1187 2778 seu
1227 2706 1520 2778 Arabum
1558 2706 2096 2779 Christianorum
2138 2704 2238 2803 (1),
2274 2716 2340 2778 et
2368 2716 2637 2799 tempus

473 2822 905 2921 scriptionis,
948 2834 1089 2893 tum
1137 2822 1298 2893 alibi
1341 2821 1629 2913 plurieS,
1674 2830 1816 2892 tum
1872 2823 1955 2891 ad
2001 2823 2254 2893 calcem
2309 2823 2640 2915 cujusque

474 2937 970 3009 lucubrationis
1007 2944 1424 3009 annotatum.
1463 2937 1584 3005 Illa
1620 2936 1801 3006 enim
1841 2955 2183 3027 responsa
2212 2935 2641 3026 quadriennii

475 3052 704 3144 spatio
753 3053 938 3144 quod
989 3052 1072 3121 ab
1124 3072 1301 3122 anno
1360 3048 1499 3118 714
1551 3049 1634 3119 ad
1693 3045 1833 3118 718
1889 3048 2322 3139 protenditur
2378 3059 2645 3121 exarata

472 3188 663 3249 esse,
712 3187 792 3236 ex
831 3164 1362 3236 indicationibus
1411 3162 1729 3234 finalibus
1776 3173 2201 3256 compertum
2256 3164 2456 3235 nobis
2506 3173 2638 3236 est.

544 3411 622 3471 (1)
656 3401 972 3480 μᾲαᾶδρο
1012 3400 1260 3480 μὴῃ
1299 3399 1551 3479 haja?
1604 3461 1618 3476 ‚
1665 3405 1821 3457 Hisce
1861 3405 2177 3458 nominibus
2214 3405 2485 3471 designari
2522 3410 2647 3457 Ara·

481 3512 615 3561 bum
639 3505 1070 3561 Christianorum
1094 3506 1274 3558 tribus
1298 3506 1382 3557 vel
1423 3504 1669 3556 civitates
1706 3509 1915 3556 certum
1951 3509 2052 3555 est.
2099 3507 2170 3556 De
2212 3503 2412 3561 Altula,
2440 3517 2562 3570 quae
2597 3510 2652 3557 et

486 3588 830 3654 &quiedam
856 3597 1012 3641 antea
1038 3592 1113 3654 (p.
1141 3590 1191 3641 2.
1217 3587 1354 3649 dixi;
1391 3580 1574 3658 Q
1620 3611 1680 3623 -
1717 3597 1856 3651 quos
1899 3586 2163 3650 Tuyhoeos
2203 3585 2390 3648 latine,
2434 3585 2651 3638 nemine

484 3686 1056 3753 praeeunte,appeitavi
1084 3690 1138 3737 et
1160 3697 1299 3750 quos
1323 3697 1389 3737 ex
1413 3692 1594 3750 etymo
1616 3687 1766 3742 vocis
1783 3689 2039 3740 nomades
2059 3700 2155 3739 seu
2171 3693 2416 3738 errantes
2438 3698 2654 3754 expres·

486 3769 605 3821 sius
627 3767 847 3829 dixeris,
865 3795 926 3804 —
952 3766 1172 3832 quinam
1199 3766 1327 3827 sint,
1354 3765 1550 3818 docent
1577 3767 1677 3819 viri
1711 3767 2016 3820 doctissimi
2046 3770 2220 3833 Payne
2237 3767 2428 3827 Smith,
2449 3766 2504 3819 in
2522 3768 2654 3820 The·

485 3865 649 3905 sauro
694 3852 932 3916 Syriaca,
958 3851 1022 3901 ad
1066 3850 1206 3901 hanc
1243 3861 1450 3911 vocem,
1478 3856 1532 3903 et
1557 3851 1676 3903 Gul.
1703 3850 2032 3917 Wrightius‚
2061 3850 2115 3902 in
2145 3849 2432 3915 Gataloque
2473 3850 2534 3916 of
2566 3850 2654 3903 the

486 3936 679 3999 syriae
718 3934 851 3985 MSS
906 3933 962 3983 in
1001 3935 1090 3983 the
1126 3932 1338 3984 Brilish
1374 3932 1645 3995 Museum,
1690 3934 1758 3997 n,
1800 3947 1854 3999 p.
1896 3934 1998 3986 988
2036 3934 2093 3986 b.
2142 3932 2220 3985 De
2265 3932 2653 3996 ΉιαηιιοΙιιεὶε,

484 4023 796 4104 μαζίι,
817 4029 954 4082 nihil
974 4030 1192 4096 quidem
1219 4030 1458 4095 reperire
1486 4029 1667 4095 potui3
1694 4035 1779 4083 ast
1803 4031 1966 4096 hujus
1990 4030 2092 4083 loci
2128 4036 2418 4095 contextus
2444 4030 2567 4085 illos
2589 4029 2658 4083 ad

485 4134 737 4188 eamdem
763 4133 995 4185 Arabum
1021 4145 1118 4186 seu
1141 4132 1324 4185 Akutae
1349 4130 1632 4184 dioecesim
1656 4130 1992 4197 pertinuisse
2015 4129 2240 4187 omnino
2265 4130 2576 4196 persuadet,
2600 4106 2662 4180 ut

486 4219 694 4283 cuique
719 4218 939 4270 obvium
964 4222 1064 4269 est.
