3175 5084
1503 487 1956 555 —210—

652 679 790 751 rias
820 676 1114 752 vividius
1164 674 1503 769 depingit,
1540 684 1750 771 utque
1795 675 2100 749 divinum
2134 672 2458 746 auxilium
2496 670 2565 742 in
2600 668 2809 742 rebus

647 794 868 867 anxiis
903 792 1107 866 nobis
1138 798 1395 886 praesto
1422 790 1515 862 sit
1538 791 1773 865 verbis
1806 789 2207 863 ardentibus
2241 807 2320 861 ac
2347 788 2536 862 velut
2570 783 2812 881 ignitis

650 908 1000 1003 efflagitat.
2790 999 2797 1010 ι

747 1022 982 1110 Quoad
1045 1021 1396 1096 scribendi
1450 1021 1762 1095 ordinem
1818 1031 2262 1114 mutuamque
2314 1016 2810 1092 sententiarum

649 1158 919 1221 nexum,
953 1135 1362 1229 quandoque
1396 1135 1682 1208 liberior
1716 1157 1915 1229 aequo
1951 1134 2490 1227 deprehenditur
2521 1132 2811 1225 Sapiens

649 1253 862 1324 Persa
918 1274 933 1320 :
975 1250 1332 1322 Sacrarum
1383 1250 1565 1322 enim
1618 1250 2028 1323 Litterarum
2086 1248 2284 1321 effata
2343 1256 2546 1341 atque
2610 1245 2810 1318 testi-

649 1367 875 1439 monia
926 1365 1182 1459 passim
1233 1364 1572 1459 congerit,
1615 1367 1723 1437 vel
1759 1366 1844 1438 ad
1890 1386 2032 1437 rem
2085 1365 2313 1436 minus
2366 1362 2805 1457 pertinentia,

646 1484 756 1556 vel
822 1489 1009 1553 certe
1075 1480 1424 1552 contextui
1491 1481 1576 1552 ab
1644 1488 1921 1553 auctore
2004 1501 2142 1551 non
2207 1480 2378 1551 satis
2447 1486 2671 1571 aptata
2738 1485 2810 1549 et

649 1598 930 1671 inserta.
971 1594 1085 1680 At,
1127 1595 1312 1688 quod
1348 1596 1418 1665 in
1451 1596 1792 1690 scriptore
1843 1605 1979 1668 tam
2032 1595 2290 1690 insigni
2337 1595 2549 1667 multo
2586 1592 2808 1687 magis

642 1710 1280 1808 reprehendendum
1343 1720 1475 1796 est,
1550 1734 1591 1783 a
1658 1712 2015 1806 proposito
2085 1711 2261 1783 haud
2336 1710 2804 1804 infrequenter

648 1827 951 1901 deflectit
993 1834 1063 1898 et
1113 1847 1238 1919 per
1284 1846 1618 1899 excursus
1670 1828 1756 1899 de
1810 1828 2016 1900 rebus
2064 1827 2268 1898 etiam
2321 1825 2608 1897 minoris
2659 1845 2793 1897 mo·

644 1945 881 2029 menti,
919 1964 1205 2038 quarum
1239 1944 1496 2015 mentio
1531 1945 1708 2016 forte
1745 1943 2093 2027 inciderit,
2124 1943 2434 2016 diversas
2472 1943 2541 2014 in
2577 1950 2811 2035 partes

642 2069 990 2156 evagatur.
1037 2061 1362 2153 Exempla
1422 2061 1624 2153 hujus
1682 2061 1832 2134 vitii
1892 2082 2110 2155 pauca
2170 2082 2252 2133 ex
2315 2061 2549 2133 multis
2597 2060 2810 2133 addu-

648 2198 804 2251 cere
855 2177 1083 2249 liceat.
1144 2178 1221 2247 In
1270 2180 1571 2268 Epistola
1628 2181 1667 2250 I
1684 2236 1701 2264 ,
1758 2178 1876 2251 ubi
1928 2178 2244 2272 prodigia
2292 2188 2607 2250 recenset
2656 2197 2812 2270 quae

650 2295 825 2368 fides
860 2295 1116 2388 populo
1169 2295 1294 2367 Dei
1344 2297 1641 2390 peperit,
1684 2318 1767 2370 ex
1818 2296 1986 2366 mira
2038 2295 2438 2387 trajectione
2487 2293 2812 2396 Jordanis

651 2410 865 2494 fluvii,
907 2431 1060 2503 quae
1092 2410 1304 2483 Josue
1339 2411 1514 2483 duce
1550 2411 1871 2505 contigit,
1913 2411 2277 2484 occasione
2328 2420 2621 2503 arrepta,
2665 2411 2811 2482 haec

649 2547 804 2599 cum
861 2524 1192 2597 orationis
1245 2546 1460 2618 scopo
1513 2528 1624 2599 vix
1678 2527 2090 2622 cohaerentia
2144 2526 2570 2598 intermiscet
2639 2522 2714 2619 (1)
2790 2549 2805 2594 :

653 2671 689 2707 «
734 2642 922 2714 Scito
969 2651 1219 2726 autem,
1281 2641 1664 2728 carissime,
1720 2641 2087 2714 Jordanem
2138 2652 2270 2724 ter,
2324 2650 2400 2714 ut
2449 2642 2810 2714 transitum
2889 2611 2935 2654 ⁸

649 2758 1010 2851 praeberet,
1054 2757 1124 2826 in
1160 2755 1401 2828 eodem
1455 2758 1610 2830 loco
1661 2757 1953 2829 divisum
2008 2779 2164 2830 esse
2207 2783 2221 2827 :
2266 2759 2489 2851 primo
2534 2757 2810 2850 quidem

650 2896 690 2947 a
745 2877 982 2960 Josue,
1048 2874 1231 2946 Nuni
1288 2873 1459 2958 filio,
1524 2875 1686 2947 dein
1748 2875 1832 2947 ab
1891 2875 2063 2959 Elia,
2121 2876 2322 2948 tertio
2383 2875 2467 2947 ab
2529 2856 2804 2946 Elisaeo.

648 2989 966 3064 Ostendit
998 2988 1179 3061 enim
1230 2990 1608 3082 Scriptura,
1651 2990 1867 3061 Eliam
1917 3011 1954 3061 e
2008 2992 2292 3085 regione
2338 3002 2529 3063 trans
2574 2991 2813 3063 Jorda-

650 3127 805 3179 nem
841 3126 923 3177 ex
958 3105 1246 3177 adverso
1291 3105 1674 3177 Jerichonti
1725 3106 1856 3177 sita
1907 3114 2173 3197 raptum
2223 3128 2379 3179 esse
2429 3107 2497 3177 in
2535 3108 2802 3179 caelum.

654 3222 822 3295 Cum
869 3220 1141 3293 scilicet
1186 3219 1394 3292 rediit
1444 3220 1737 3292 Elisaeus
1792 3229 1861 3291 et
1904 3220 2272 3294 Jordanem
2326 3222 2622 3294 divisum
2675 3229 2810 3293 tra·

643 3337 840 3431 jecit,
908 3335 970 3407 ei
1032 3335 1299 3406 obviam
1362 3344 1856 3428 processerunt
1914 3336 2036 3406 filii
2100 3338 2624 3431 prophetarum.
2695 3336 2813 3429 qui

647 3454 1041 3526 Jerichonte
1067 3451 1526 3536 morabantur,
1560 3460 1629 3523 et
1657 3452 1976 3524 dixerunt
2000 3448 2076 3550 (2)
2106 3479 2119 3525 :
2152 3457 2500 3546 Requievit
2523 3456 2814 3545 spiritus

644 3572 814 3642 Eliae
875 3587 1082 3659 super
1136 3569 1481 3638 Eli-seeum.
1561 3569 1660 3639 De
1718 3569 2010 3640 transitu
2079 3569 2280 3640 etiam
2341 3569 2618 3663 populi,
2695 3569 2812 3662 qui

647 3695 956 3777 tempore
987 3684 1228 3768 Josue,
1271 3681 1395 3753 filii
1433 3683 1644 3768 Nuni,
1688 3685 2006 3780 contigit,
2049 3685 2381 3777 scriptum
2417 3695 2550 3769 est,
2594 3687 2813 3757 lsrae-

646 3802 801 3873 litas
869 3800 1120 3871 flumen
1193 3806 1431 3870 contra
1495 3798 1959 3872 Jerichontem
2047 3800 2429 3892 trajecisse.
2478 3830 2514 3867 »
2604 3802 2813 3876 Hisce

648 3916 1053 4009 interjectis,
1106 3915 1191 3986 ad
1240 3915 1675 4009 propositum
1739 3916 2010 3990 demum
2061 3899 2239 4018 redi't
2288 3926 2551 4004 auctor,
2606 3899 2816 3992 et'ita

714 4196 786 4260 (¹)
826 4195 919 4247 Ed.
948 4193 1197 4265 Wright.‚
1225 4210 1279 4261 p.
1318 4197 1430 4257 ψ
1478 4225 1491 4241 .

714 4296 786 4361 (8)
822 4297 887 4348 lv
911 4296 1118 4363 aequm
1143 4299 1211 4364 ΙΙ,
1238 4302 1318 4354 15.

2782 5019 2841 5046 ',-'
2865 5025 2977 5046 mm..
3048 5043 3067 5046 KV
