3175 5084
1342 534 1792 600 „139-

476 718 764 812 ejusque
817 717 1228 803 meminerit,
1273 717 1391 789 illa
1426 718 1710 802 mentio,
1753 719 1911 812 quia
1946 718 2029 790 ad
2066 728 2387 812 posteros
2424 730 2647 791 trans-

480 833 693 905 missa
751 852 887 904 non
949 840 1083 916 est,
1141 831 1396 904 nullius
1457 831 1585 903 fuit
1637 832 1988 917 utilitatis;
2058 817 2126 905 et
2185 833 2315 905 hoc
2368 833 2647 927 quidem

476 947 652 1019 adeo
711 933 946 1018 rerum
1005 953 1136 1035 est,
1190 955 1265 1017 ut
1311 944 1589 1038 plurimi
1638 946 1723 1018 ad
1775 953 2010 1019 nostra
2058 967 2278 1040 usque
2338 957 2649 1040 tempora

479 1063 682 1136 etiam
744 1064 1140 1157 ignorarent
1198 1062 1544 1156 Sapientis
1605 1064 1838 1137 Persae
1884 1085 2094 1165 opera
2140 1065 2422 1157 Syriaco
2471 1064 2647 1137 idio·

482 1187 658 1252 mate
691 1178 1011 1271 primitus
1047 1186 1317 1249 exarata
1352 1198 1537 1250 esse.

584 1291 779 1380 Quod
848 1300 1073 1364 autem
1143 1291 1228 1363 de
1297 1292 1601 1386 Georgio
1674 1293 1983 1386 gentium
2053 1293 2464 1366 affirmamus
2491 1353 2508 1377 ,
2582 1295 2648 1368 ei

480 1407 841 1501 Aphraatis
910 1406 1170 1500 scripta
1239 1416 1496 1500 praesto
1564 1407 1822 1491 fuisse,
1896 1408 2122 1501 qualia
2190 1430 2273 1481 ex
2344 1411 2649 1482 auctoris

483 1522 792 1596 manibus
831 1521 1252 1615 prodierant,
1315 1522 1382 1592 id
1433 1543 1513 1594 ex
1564 1530 1819 1595 nostrae
1870 1525 2381 1596 Dissertationis
2432 1525 2647 1597 intro-

483 1638 804 1710 ductione
842 1648 908 1709 et
950 1647 1142 1732 parte
1191 1638 1409 1730 priori
1459 1638 1828 1731 perspicue
1874 1638 2261 1731 colligitur3
2316 1661 2527 1732 quare
2576 1641 2646 1710 in

487 1752 601 1823 illa
659 1753 1044 1825 assertione
1107 1752 1456 1847 probanda
1512 1762 1630 1824 aut
1691 1753 2064 1825 evolvenda
2121 1773 2248 1825 nec
2298 1753 2651 1847 paulisper

486 1865 1018 1939 immorabimur.
2113 1920 2121 1927 -

579 1986 725 2056 Jam
763 1983 964 2057 etiam
999 1985 1413 2070 notavimus,
1448 1985 1520 2055 in
1548 1984 1717 2056 Eliae
1744 1984 2074 2056 Barsinaei
2104 1985 2651 2076 Chronoqraphia

485 2108 688 2191 caput
721 2099 1038 2193 reperiri,
1078 2100 1187 2171 cui
1220 2100 1460 2171 titulus
1503 2124 1518 2169 :
1564 2128 1601 2163 «
1641 2100 1827 2170 Anni
1862 2099 2098 2170 domus
2131 2100 2406 2184 Adami,
2434 2099 2653 2189 juxta

482 2216 886 2286 sententiam
946 2217 1289 2305 Sapientis
1344 2217 1594 2285 Persoe.
1639 2242 1674 2278 »
1732 2212 1866 2284 Sed
1929 2214 2015 2283 de
2075 2214 2302 2285 tabula
2353 2215 2648 2286 chrono-

478 2329 708 2423 logica
741 2349 893 2422 quae
929 2328 1033 2401 sic
1069 2327 1470 2400 inscribitur
1504 2326 1804 2399 dubitari
1842 2337 2071 2419 potest
2108 2335 2332 2399 utrum
2374 2349 2454 2400 ex
2502 2327 2652 2422 ipsa

485 2442 846 2534 Aphraatis
882 2442 1381 2524 lucubratione,
1426 2464 1508 2513 an
1561 2462 1642 2513 ex
1693 2442 1918 2535 aliqua
1970 2441 2169 2534 hujus
2207 2441 2652 2515 translatione

486 2555 843 2649 desumpta
879 2556 1109 2628 fuerit.

584 2670 830 2742 Verum
890 2671 1235 2743 enimvero
1292 2670 1400 2742 hic
1451 2691 1595 2763 prae
1649 2671 1921 2743 caeteris
1971 2671 2345 2743 attentione
2397 2670 2654 2763 dignus

488 2795 596 2859 est
630 2788 702 2858 S.
736 2787 1011 2859 Isaacus
1046 2788 1358 2878 MagnuS‚
1389 2787 1534 2879 qui,
1568 2796 1895 2880 quantum
1933 2809 2014 2859 ex
2050 2787 2328 2860 indiciis
2364 2787 2655 2858 internis

485 2923 727 2974 eruere
786 2902 1116 2983 valemus,
1183 2901 1670 2995 primigenium
1740 2904 2192 2973 Humiliarum
2258 2910 2515 2974 textum
2588 2910 2659 2974 et

486 3015 686 3102 vidit,
743 3026 811 3090 et
860 3019 1228 3090 scribendo
1284 3019 1374 3089 ita
1432 3018 1735 3090 imitatus
1789 3027 1921 3101 est,
1973 3027 2046 3089 ut
2092 3019 2455 3112 aliquando
2506 3020 2657 3112 ipsa

487 3155 716 3206 earum
776 3133 981 3205 verba
1028 3134 1449 3225 expresserit
1502 3134 1606 3228 (ι).
1666 3133 1738 3203 ld
1800 3134 2183 3227 praesertim
2229 3145 2515 3228 apparet
2573 3157 2657 3209 ex

482 3251 797 3320 Sermone
852 3249 937 3320 de
992 3259 1228 3320 sancto
1272 3246 1541 3342 jejvnio
1599 3249 2188 3341 quadraqesimali
2231 3245 2334 3346 (2),
2389 3249 2455 3319 in
2517 3271 2656 3343 quo

481 3366 847 3459 presbyter
904 3364 1374 3438 Antiochenus
1434 3368 1828 3457 Epistulam
1865 3365 2212 3460 Sapientis
2275 3368 2504 3439 Persae
2567 3366 2656 3440 de

485 3481 720 3552 eadem
758 3480 1038 3552 materia
1070 3490 1385 3574 agentem
1423 3502 1667 3574 presse
1704 3481 2042 3574 sequitur,
2077 3480 2332 3553 additis
2362 3490 2648 3567 tantum,

485 3616 676 3667 more
735 3602 1117 3687 poctarum,
1173 3595 1340 3666 varii
1394 3595 1674 3688 generis
1736 3595 2185 3667 ornamentis.
2231 3596 2657 3689 Quicumque

469 3729 631 3780 rem
671 3711 839 3780 hanc
874 3710 1079 3802 plene
1135 3718 1566 3803 perspectam
1620 3709 1869 3781 habere
1923 3709 2242 3795 voluerit,
2284 3709 2385 3781 illi
2420 3719 2660 3782 auctor

487 3847 639 3898 sum
675 3833 750 3897 ut
784 3826 981 3898 ambo
1017 3827 1275 3919 scripta
1314 3828 1629 3921 perlegat
1666 3851 1682 3897 ;
1726 3835 1910 3897 tanta
1953 3838 2065 3898 est
2103 3825 2250 3900 sive
2286 3826 2656 3898 sententia-

487 3963 664 4025 rum,
697 3942 843 4015 sive
880 3944 1293 4016 elocutionis
1332 3942 1740 4027 similitudo,
1775 3949 1850 4015 ut
1885 3944 1992 4015 vel
2029 3964 2111 4015 ex
2148 3941 2328 4013 nuda
2363 3942 2658 4014 lectione

551 4169 623 4232 (t)
659 4164 766 4219 cfr.
794 4165 852 4218 S.
878 4164 1057 4218 Isaaoi
1082 4164 1429 4233 Antiochou,
1452 4165 1683 4220 doctoris
1706 4165 1988 4234 Syrorum,
2013 4180 2175 4232 opera
2212 4167 2417 4232 omnia,
2453 4172 2588 4236 part.
2613 4171 2654 4223 1.

488 4250 679 4314 Gissae‚
707 4250 853 4302 ¹873.

552 4334 627 4395 (2)
660 4331 819 4394 ibid„
846 4344 902 4397 p.
929 4330 1030 4383 25⁰
1051 4342 1205 4397 seqq.
