3175 5084
1279 466 1690 534 -95..

387 669 615 733 autem
676 659 1121 732 humilitatem
1180 658 1346 730 mihi
1407 658 1812 743 inculcabis‚
1882 658 2002 752 qui
2061 660 2280 730 elatus
2348 676 2426 731 es
2487 666 2556 729 et

391 776 715 869 superbia
749 775 1096 848 tumidus?
1125 775 1270 861 Qua
1304 773 1529 846 fronte
1567 774 1730 845 mihi
1767 774 2133 867 praecipies
2167 798 2181 844 :
2216 772 2352 844 Alii
2389 773 2562 846 alios
2625 832 2646 853 χ

391 890 687 983 diligite,
741 912 896 962 cum
948 889 1050 962 sis
1107 889 1248 961 odii
1303 897 1371 960 et
1419 889 1541 960 irae
1593 889 1882 984 plenus?
1929 889 2059 975 Qui
2097 888 2261 958 mihi
2298 888 2494 960 dices
2540 912 2556 958 :

392 1006 464 1077 Si
502 1007 662 1099 quis
698 1007 883 1100 quod
919 1015 1106 1078 tuum
1142 1013 1250 1078 est
1282 1005 1670 1091 abstulerit,
1719 1026 1804 1077 ne
1839 1014 2138 1097 repetas,
2181 1006 2342 1076 dum
2380 1005 2565 1099 quod

391 1129 586 1193 tuum
622 1129 729 1192 est
764 1129 836 1192 tu
874 1119 1096 1214 exigis
1138 1141 1294 1193 cum
1337 1120 1584 1192 usura?
1623 1120 1769 1206 Qua
1821 1120 2082 1192 ratione
2136 1142 2243 1192 me
2288 1120 2568 1211 jubebis

394 1256 555 1308 esse
593 1235 1002 1319 modestum,
1044 1236 1161 1330 qui
1207 1235 1571 1328 impudens
1624 1255 1726 1319 es,
1770 1235 2088 1328 garrulus
2140 1243 2208 1308 et
2254 1235 2566 1327 jactans?

399 1351 759 1437 Quomodo
795 1371 902 1422 me
938 1350 1319 1423 hortaberis
1356 1360 1428 1421 ut
1465 1348 1790 1422 mundum
1829 1350 2010 1421 hunc
2045 1350 2456 1442 relinquam,
2496 1351 2568 1421 in

397 1487 539 1558 quo
573 1475 647 1538 tu
685 1466 1043 1567 demersus
1071 1466 1262 1557 jaces
1296 1475 1365 1538 et
1400 1464 1821 1539 suffocatus?
1875 1467 2236 1551 Quomodo
2285 1467 2570 1539 docebis

399 1605 508 1655 me
568 1604 904 1676 pauperes
969 1583 1451 1655 refocillandos
1515 1603 1720 1665 esse,
1798 1604 2051 1654 vexans
2119 1583 2351 1656 socios
2415 1593 2574 1657 tuos

400 1699 783 1793 pauperes?
821 1699 1175 1785 Quomodo
1229 1698 1547 1770 incitabis
1604 1717 1709 1768 me
1763 1706 1838 1768 ut
1891 1697 1955 1767 id
2014 1698 2352 1791 deponam
2390 1699 2575 1791 quod

400 1813 598 1887 cordi
637 1815 843 1903 inest,
884 1836 1037 1887 cum
1093 1816 1163 1885 in
1213 1824 1282 1887 te
1337 1816 1703 1887 collectum
1742 1814 1834 1886 sit
1870 1825 2065 1888 vetus
2119 1815 2577 1887 fermentum?

406 1933 767 2019 Quomodo
832 1932 996 2002 mihi
1057 1931 1508 2023 persuadebis
1566 1941 1643 2003 ut
1705 1929 1775 2000 in
1829 1933 2115 2026 gratiam
2165 1953 2319 2003 cum
2372 1933 2578 2003 fratre

402 2049 704 2131 redeam,
759 2048 876 2140 qui
928 2048 1295 2119 multorum
1349 2047 1698 2120 hominum
1751 2032 2112 2142 perturbas
2166 2048 2577 2139 pacem?.Si

352 2183 569 2234 ‘vero
630 2183 837 2255 opera
901 2162 1080 2233 haud
1139 2161 1425 2235 honesta
1487 2163 1556 2233 in
1618 2173 1685 2236 te
1746 2163 2346 2256 deprehenderim,
2411 2164 2574 2233 mihi

405 2276 585 2348 dicis
639 2301 654 2349 ε
724 2279 1060 2349 Peccante
1115 2298 1221 2348 me
1286 2286 1355 2348 et
1416 2278 1628 2370 impie
1687 2286 1960 2371 agente,
2027 2278 2233 2352 verba
2297 2300 2444 2349 mea
2503 2286 2575 2349 tu

407 2412 733 2484 sequere;
776 2412 930 2463 cum
968 2398 1190 2463 tamen
1229 2391 1290 2462 is
1327 2392 1444 2484 qui
1482 2392 1686 2464 docet
1721 2393 1923 2464 simul
1963 2403 2032 2464 et
2067 2393 2227 2463 facit
2257 2414 2571 2491 magnus,

408 2507 723 2603 quivero
761 2506 988 2591 docet,
1032 2527 1158 2578 nec
1209 2507 1394 2591 facit,
1439 2507 1762 2578 minimus
1798 2508 1888 2579 sit
1937 2507 2309 2580 vocandus,
2356 2505 2572 2580 Pecu·

408 2622 590 2692 niam
647 2621 1002 2714 accepisti,
1061 2622 1537 2705 recondidisti,
1600 2632 1693 2706 et,
1752 2624 1939 2694 clave
1993 2623 2118 2694 tibi
2177 2625 2572 2708 commissa,

406 2745 675 2830 portam
737 2737 1049 2809 custodis
1113 2761 1131 2811 z
1201 2746 1270 2809 tu
1331 2758 1468 2809 non
1531 2737 1787 2820 intras,
1856 2748 1924 2810 et
1989 2759 2111 2810 eos
2173 2740 2292 2831 qui
2354 2740 2581 2811 animo

410 2851 845 2945 ingrediendi
897 2852 1232 2924 accedunt
1267 2852 1618 2944 prohibes.
1667 2853 1997 2944 Corporis
2033 2855 2275 2926 oculus
2315 2876 2416 2936 es,
2457 2856 2581 2926 sed

412 2967 721 3038 caecitate
758 2966 1054 3049 laboraS,
1097 2976 1166 3038 et
1202 2988 1482 3058 corpus,
1518 2966 1888 3039 deficiente
1917 2969 2146 3052 oculo,
2169 2969 2236 3039 in
2275 2969 2581 3041 tenebris

405 3080 617 3172 jacet.
680 3081 947 3175 Corpus
1008 3089 1196 3152 tuum
1251 3101 1510 3152 caecum
1566 3090 1708 3164 est;
1776 3090 1843 3152 te
1895 3102 2120 3166 caeco,
2178 3083 2372 3155 faciei
2435 3085 2583 3175 eJus

416 3205 886 3269 ornamentum
922 3197 1176 3269 lumine
1225 3205 1447 3279 caret;
1502 3216 1729 3268 caecus
1781 3197 1995 3289 igitur
2043 3217 2300 3269 caecum
2353 3198 2577 3282 ducis,

416 3320 486 3384 et
536 3313 641 3386 vis
692 3319 908 3384 totum
961 3333 1214 3406 corpus
1268 3321 1456 3399 tuum
1508 3308 1584 3384 in
1636 3312 1898 3384 foveam
1951 3313 2314 3406 projicere.
2359 3315 2471 3385 Sal
2523 3315 2583 3387 si

418 3427 793 3521 insipidum
854 3428 1009 3512 fiat,
1085 3428 1269 3500 foras
1330 3425 1680 3518 abjicitur-3
1748 3448 1990 3500 servus
2052 3427 2169 3521 qui
2229 3430 2584 3522 pecuniam

419 3570 610 3620 suam
646 3548 1008 3619 abscondit
1045 3547 1334 3618 mittitur
1367 3547 1436 3617 in
1468 3546 1833 3635 tenebras3
1869 3547 2165 3619 famulus
2200 3548 2316 3641 qui
2355 3549 2586 3621 socios

420 3662 769 3755 percussit
834 3681 1070 3756 poenas
1140 3661 1420 3734 domino
1490 3683 1618 3733 suo
1689 3661 1840 3744 dat;
1915 3662 2214 3755 pastoris
2284 3662 2584 3758 imperiti

422 3778 664 3849 oculus
695 3785 1099 3859 excaecatur,
1144 3778 1428 3869 ejusque
1466 3776 1817 3848 brachium
1855 3779 2131 3849 arescit.
2178 3779 2586 3851 Sacerdotes

424 3911 563 3962 non
623 3890 1009 3963 indicarunt
1058 3890 1175 3962 ubi
1231 3892 1322 3964 sit
1373 3891 1731 3976 Dominus,
1791 3892 1971 3962 hunc
2023 3892 2349 3965 custodes
2410 3893 2590 3986 legis

425 4024 564 4075 non
615 4014 973 4094 noverunt,
1014 4013 1328 4098 pastores
1380 4006 1643 4101 perfide
1696 4006 1765 4077 in
1817 4027 1972 4079 eum
2025 4016 2345 4101 egerunt,
2386 4015 2456 4078 et
2506 4026 2586 4078 ex

426 4119 788 4210 prophetis
824 4121 1316 4214 Hierosolyma}
1370 4122 1627 4215 prodiit
1678 4122 2063 4194 idololatria
2099 4121 2165 4193 in
2205 4123 2588 4195 universam

429 4242 704 4306 terram.
750 4235 1106 4329 Principes
1143 4237 1378 4330 populi
1433 4237 1564 4310 mei
1619 4237 1943 4331 reliquias
1980 4237 2127 4329 ejus
2163 4238 2588 4331 collegerunt
