3175 5084
2440 6 2447 7 ἶ
2590 6 2635 9 ,Τ-
2754 6 2763 9 -
2892 8 3171 13 .--.-..-.-..-.,--.

439 682 587 757 480
650 680 749 780 (1).
817 687 1054 780 Itaque
1121 707 1160 758 a
1222 685 1675 778 conceptione
1735 686 1949 759 Isaaci
2009 695 2079 758 et
2146 686 2614 760 destructione

440 799 758 872 Sodomae
808 822 1031 895 usque
1067 800 1150 873 ad
1185 801 1603 895 praecipuam
1655 800 2151 895 Hierosolymae
2204 800 2604 874 aedificatio-

428 935 595 991 nem
634 915 791 987 anni
819 916 1077 988 fluxere
1101 916 1381 988 omnino
1412 912 1580 986 896.
1606 915 1663 986 Α
1691 938 1934 1010 magna
1955 938 2119 989 vero
2150 917 2605 993 aedificatione

441 1032 938 1125 Hierosolymae
966 1053 1185 1127 usque
1209 1033 1292 1104 ad
1322 1032 1631 1124 ejusdem
1668 1032 2114 1104 vastationem
2146 1055 2362 1106 annos
2398 1035 2610 1108 habes

435 1144 611 1227 425,
670 1168 747 1219 ac
797 1147 998 1240 proin
1053 1169 1317 1219 summa
1379 1168 1711 1219 annorum
1763 1170 1801 1218 a
1853 1154 2164 1240 tempore
2221 1151 2602 1222 eversionis

441 1261 757 1334 Sodomae
793 1283 1012 1355 usque
1049 1263 1131 1334 ad
1172 1263 1671 1357 Hierosolymae
1707 1262 2202 1337 desolationem
2254 1265 2603 1357 lapsorum

440 1377 522 1448 ad
562 1375 746 1446 1321
790 1377 1119 1471 assurgit.
1157 1378 1242 1447 Hi
1272 1386 1433 1449 sunt
1469 1377 1772 1450 universi
1811 1378 1967 1450 anni
2004 1379 2256 1472 quibus
2294 1380 2610 1452 Sodomae

441 1499 508 1563 et
556 1491 848 1564 filiarum
898 1492 1046 1584 ejus
1095 1493 1291 1564 ruina
1341 1493 1606 1565 ruinam
1658 1494 2155 1589 Hierosolymae
2205 1496 2602 1589 praecessit3
2730 1496 2737 1505 ’

440 1614 549 1690 et,
626 1629 1030 1701 quamquam
1104 1607 1221 1680 illa
1287 1608 1530 1681 civitas
1588 1607 1845 1700 justior
1913 1609 2039 1681 fuit
2102 1610 2600 1704 Hierosolyma,

440 1722 796 1815 hucusque
831 1723 1108 1795 deserta
1144 1730 1391 1795 manet.
1441 1723 1511 1794 Si
1550 1725 1764 1817 igitur
1798 1745 1997 1796 omne
2033 1712 2392 1819 computes
2438 1735 2609 1799 tem-

436 1861 570 1931 pus
641 1840 823 1932 quod
886 1840 967 1911 ab
1032 1841 1300 1913 excidio
1367 1841 1684 1913 Sodomae
1746 1842 1828 1913 ad
1891 1863 2139 1912 annum
2201 1842 2343 1915 655
2402 1836 2610 1937 'regni

437 1952 833 2041 Alexandri,
889 1957 1008 2027 filii
1062 1957 1365 2051 Philippi
1414 1959 1839 2043 Macedonis,
1909 1958 2326 2045 intercessit,
2393 1980 2610 2032 annos

439 2070 651 2143 habes
689 2069 880 2143 2076
919 2069 1019 2170 (2),
1065 2094 1216 2143 nam
1254 2095 1292 2144 a
1338 2081 1649 2166 tempore
1686 2094 1824 2166 quo
1870 2073 2232 2167 Babylonii
2282 2074 2610 2147 Hieroso-

389 2188 390 2197 ’
440 2189 686 2281 lymam
731 2197 1082 2261 vastarunt
1134 2211 1353 2283 usque
1405 2191 1488 2262 ad
1542 2191 1717 2262 hanc
1770 2198 2075 2264 nostram
2128 2197 2395 2263 aetatem
2449 2192 2607 2262 anni

441 2312 602 2375 sunt
651 2302 821 2376 955.
864 2305 1368 2400 Hierosolyma,
1408 2314 1780 2400 postquam
1827 2329 1867 2377 a
1914 2306 2310 2399 Babyloniis
2342 2307 2606 2399 direpta

440 2417 682 2504 fuerat,
725 2417 950 2491 denuo
986 2419 1358 2492 inhabitata
1393 2429 1501 2493 est
1536 2442 1663 2514 per
1700 2422 1849 2492 illas
1890 2416 1982 2490 70
2020 2420 2480 2492 hebdomadas
2519 2421 2605 2492 de

440 2533 691 2625 quibus
752 2533 894 2628 agit
954 2534 1192 2607 Daniel
1251 2535 1627 2628 propheta;
1686 2542 1828 2605 tum
1881 2556 1919 2605 a
1965 2533 2294 2605 Romanis
2356 2535 2601 2605 iterum

439 2656 696 2720 vastata
758 2655 887 2732 est,
943 2669 1069 2721 nec
1121 2648 1450 2743 deinceps
1511 2671 1807 2743 unquam
1870 2648 2295 2733 restituetur,
2354 2649 2477 2720 sed
2539 2650 2608 2720 in

436 2763 753 2837 vastitate
790 2766 1215 2857 permanebit
1252 2767 1472 2838 donec
1507 2765 1827 2838 eveniant
1862 2787 2014 2858 quae
2050 2762 2389 2857 praefinita
2416 2774 2599 2837 sunt.

442 2881 694 2956 Omnes
716 2903 926 2976 porro
944 2883 1102 2954 anni
1121 2883 1477 2977 utriusque
1503 2882 1907 2955 vastationis
1936 2870 2604 2976 Hierosolymitanae,

439 2997 693 3090 prioris
756 3020 999 3093 nempe
1059 3008 1126 3072 et
1182 2999 1622 3091 posterioris,
1692 3007 1851 3070 sunt
1908 2996 2087 3082 465;
2148 2998 2328 3069 unde
2389 2998 2452 3069 si
2516 2996 2605 3069 70

440 3134 655 3184 annos
686 3114 1099 3206 captivitatis
1128 3115 1561 3220 Babylonicae
1584 3114 1864 3199 educas,
1886 3122 2145 3187 restant
2173 3114 2330 3185 anni
2362 3112 2529 3185 395.
2559 3143 2595 3179 »

538 3228 941 3302 Universam
977 3230 1152 3303 hanc
1188 3231 1758 3325 disceptationem
1794 3229 1919 3302 tibi
1957 3230 2343 3323 conscripsi
2394 3252 2607 3324 prop-

439 3351 546 3416 ter
603 3344 994 3417 Judaeorum
1041 3346 1460 3439 jactantiam,
1511 3348 1809 3419 futurum
1870 3366 2026 3418 esse
2072 3354 2149 3417 ut
2193 3345 2331 3439 ipsi
2383 3346 2606 3417 denuo

442 3468 973 3553 congregentur.
1021 3462 1093 3533 Si
1130 3462 1311 3533 enim
1366 3461 1686 3547 Sodoma,
1730 3464 1923 3553 cujus
1974 3462 2299 3556 iniquitas
2352 3462 2606 3556 iniqui-

439 3578 575 3646 tate
614 3573 1109 3668 Hierosolymae
1147 3576 1370 3647 minor
1399 3587 1566 3659 erat,
1612 3597 1834 3670 neque
1870 3577 2091 3648 adhuc
2126 3576 2440 3648 restituta
2468 3587 2602 3662 est,

439 3707 664 3780 neque
731 3710 1056 3783 unquam,
1131 3697 1205 3762 ut
1264 3692 1665 3776 asserimuS‚
1742 3691 2182 3778 restituetur,
2256 3691 2606 3785 quomodo

440 3800 933 3876 instauraretur
961 3805 1463 3900 Hierosolyma,
1492 3807 1690 3899 cujus
1710 3806 1960 3879 delicta
1984 3807 2258 3880 delictis
2288 3807 2606 3880 Sodomae

442 3924 509 3989 et
544 3917 837 3992 filiarum
874 3919 1019 4012 ejus
1057 3922 1372 4015 graviora
1406 3922 1723 3995 fuerunt?
1761 3923 1928 3996 Inde
1964 3923 2049 3995 ab
2082 3922 2278 3996 annis
2310 3919 2502 3994 2076
2529 3919 2606 4021 (3)

507 4147 580 4211 (1)
620 4146 930 4215 Legendum
959 4167 972 4202 ε
998 4149 1129 4202 48ῖῖ
3160 4230 3161 4233 ¹

437 4229 580 4362 2²32)
619 4231 684 4281 Ut
727 4231 1195 4298 computationum
1244 4233 1414 4289 series
1458 4232 1562 4289 sibi
1605 4241 1841 4302 constet,
1890 4235 2306 4291 substituendus
2343 4249 2609 4292 numerus
3158 4266 3162 4349 ἱ

507 4349 591 4458 (5).
613 4391 731 4448 vid.
762 4407 883 4462 sup.
910 4403 1026 4451 not.
1053 4398 1104 4450 Ξ.
3148 4352 3161 4445 l
