3175 5084
1230 490 1678 557 „193”

358 680 536 778 etin
573 679 874 752 Latinam
930 679 1254 773 linguam,
1297 687 1373 751 ut
1426 678 1856 753 innotescere
1908 688 2197 772 possent
2249 680 2513 753 Genna-

360 795 509 880 dio,
565 816 701 868 non
763 793 1208 889 peritissimo,
1275 804 1351 866 ut
1410 794 1703 879 videtur,
1773 795 2024 890 linguae
2083 795 2380 868 Graecae?
2442 797 2513 868 Si

363 933 698 985 conversa
733 920 892 984 sunt
923 911 996 981 in
1033 921 1386 1005 utramque
1423 911 1749 1005 linguam,
1792 912 2134 1005 quomodo
2169 912 2522 1005 perierunt

362 1027 671 1112 omnino,
725 1050 879 1100 cum
927 1028 1152 1100 forent
1199 1028 1268 1099 in
1316 1027 1657 1121 triplicem
1710 1027 1907 1121 quasi
1961 1027 2197 1101 orbem
2249 1050 2516 1122 sparsa,

366 1144 708 1228 Latinum,
764 1143 1072 1215 Graecum
1124 1152 1192 1216 et
1241 1143 1526 1238 Syrum?
1576 1143 1712 1214 Cur
1761 1143 1926 1215 nulli
1978 1152 2284 1217 veterum
2332 1152 2517 1229 nota,

368 1281 455 1331 ne
517 1259 761 1331 Photio
822 1259 1135 1353 quidem,
1191 1269 1378 1332 tanto
1432 1260 1848 1353 scriptorum
1900 1268 2204 1332 veterum
2256 1269 2528 1353 tamque

367 1374 648 1448 curioso
684 1375 998 1447 censori?
1032 1380 1339 1470 Augetur
1391 1397 1473 1448 ex
1525 1396 1608 1447 eo
1662 1375 1996 1467 suspicio,
2039 1376 2222 1468 quod
2261 1375 2525 1448 Genna-

369 1492 529 1564 dius
597 1484 1126 1588 cognomentum
1183 1496 1522 1584 Sapienti-5
1580 1494 1838 1565 Jacobo
1898 1492 2150 1563 tribuat
2209 1501 2526 1586 tanquam

368 1610 743 1703 vulgatum,
787 1609 981 1701 cujus
1038 1617 1255 1681 tamen
1312 1630 1509 1682 nemo
1565 1609 1895 1693 meminit,
1939 1608 2071 1679 nisi
2109 1608 2227 1701 qui
2264 1607 2530 1679 Genna-

371 1725 561 1797 dium
630 1725 1016 1819 exscripsit.
1093 1726 1288 1799 Unde
1366 1725 1826 1806 crediderim,
1904 1724 2101 1797 facile
2177 1724 2535 1818 supposita

372 1842 589 1915 fuisse
621 1842 877 1914 Jacobo
928 1842 1261 1914 Nisibeno
1312 1843 1596 1936 scripta,
1631 1864 1784 1936 quae
1816 1842 2054 1914 Jacobi
2090 1841 2369 1912 alterius
2381 1896 2527 1913 .....

373 1957 621 2030 forent.
674 1986 710 2023 >2
776 1959 871 2029 [ta
931 1958 1321 2031 Garnerius.
1397 1961 1480 2029 Et
1541 1979 1704 2029 sane
1766 1980 1847 2029 ex
1911 1956 2186 2028 indiciis
2244 1956 2533 2028 internis

373 2073 943 2146 verisimillimum
1003 2083 1135 2159 est,
1197 2096 1283 2147 ne
1335 2074 1554 2146 dicam
1611 2084 1898 2157 certum,
1954 2072 2401 2157 Gennadium,
2462 2084 2537 2146 ut

378 2197 574 2261 antea
607 2185 682 2288 (1)
719 2190 1159 2275 advertimus,
1213 2191 1541 2261 Homilias
1588 2189 1809 2261 oculis
1861 2188 2007 2259 suis
2059 2209 2194 2260 non
2247 2188 2531 2259 vidisse.

379 2306 478 2377 Eo
529 2305 740 2399 igitur
790 2305 1058 2378 facilius
1112 2306 1259 2377 sive
1307 2327 1345 2376 a
1391 2305 1744 2389 Cassiano,
1806 2304 1951 2376 sive
2006 2305 2088 2375 ab
2141 2304 2274 2375 alio
2310 2303 2538 2395 cujus·

376 2442 669 2516 cumque
709 2422 1005 2494 nominis
1043 2431 1391 2495 narratore
1445 2423 1511 2492 in
1566 2441 1871 2492 errorem
1922 2420 2154 2493 induci
2207 2420 2531 2512 potuerit.

380 2536 737 2623 Quomodo
772 2559 935 2610 vero
972 2537 1103 2609 iste
1142 2558 1335 2609 error
1368 2536 1690 2630 primitus
1727 2534 2107 2621 emerserit,
2142 2534 2303 2607 licet
2338 2535 2534 2606 etiam

378 2654 805 2747 aliquatenus
841 2654 1208 2746 conjicere.
1245 2683 1282 2719 «
1308 2655 1506 2727 Certe
1543 2654 1751 2736 enim,
1774 2653 1867 2723 ait
1895 2652 2169 2724 Sassius
2191 2650 2537 2747 (a),trans·

379 2770 553 2842 lator
612 2769 1060 2843 Armeniacus
1119 2773 1228 2844 vel
1291 2770 1609 2842 librarius
1666 2767 1941 2862 quidam
1991 2749 2365 2861 posterior,
2424 2767 2535 2838 cui

379 2908 626 2960 nomen
692 2888 929 2960 Jacobi
998 2886 1360 2981 Aphraatis
1427 2908 1561 2959 non
1625 2892 1770 2957 erat
1831 2893 2103 2969 notum,
2176 2884 2530 2966 Jacobum,

378 3003 795 3097 Episcopum
834 3003 1264 3085 Nisibenum,
1306 3003 1425 3096 qui
1476 3001 1654 3094 apud
1707 2999 2066 3072 Armenios
2118 2998 2538 3092 amplissima

377 3118 650 3212 vigebat
708 3117 1136 3201 auctoritate,
1201 3126 1545 3190 auctorem
1611 3116 1867 3210 posuit,
1908 3143 1944 3180 »
2009 3135 2090 3187 eo
2155 3114 2338 3208 quod
2400 3133 2536 3184 non

380 3233 600 3305 solum
637 3254 881 3306 nomen
914 3229 1179 3317 Jacobi,
1214 3232 1335 3304 sed
1374 3241 1440 3304 et
1475 3251 1858 3325 cognomen
1893 3232 2231 3320 Sapientis
2266 3228 2538 3320 utrique

380 3368 616 3420 eorum
684 3357 951 3444 putaret
1020 3368 1177 3419 esse
1245 3368 1630 3431 commune,
1703 3356 1770 3417 et
1838 3366 1918 3417 ex
1988 3344 2162 3436 ipsis
2230 3343 2538 3415 Homiliis

381 3462 792 3554 scriptorem
861 3464 931 3533 in
1002 3483 1282 3534 numero
1353 3462 1850 3555 Episcoporum
1930 3479 2087 3531 esse
2157 3458 2537 3530 habendum

382 3577 559 3650 haud
595 3580 887 3651 obscure
921 3587 1301 3671 appareret.
1347 3607 1382 3643 «
1412 3576 1637 3670 Atque
1671 3575 1917 3647 iisdem
1953 3595 2035 3645 ex
2071 3574 2299 3646 causis
2334 3574 2536 3646 etiam

382 3695 772 3768 Gennadius
807 3697 914 3768 vel
948 3708 1184 3769 auctor
1222 3696 1369 3788 ejus
1413 3695 1819 3788 Aphraatem
1875 3715 2028 3766 cum
2060 3694 2318 3767 Jacobo
2356 3695 2537 3765 Nisi-

382 3812 559 3884 beno
596 3811 1008 3885 confuderit.
1052 3840 1088 3877 »
2356 3806 2360 3812 ’

480 3928 582 4001 Ad
642 3930 970 4003 Gennadii
1024 3931 1488 4004 testimonium
1540 3929 1897 4015 accedunt,
1950 3929 2010 4000 si
2062 3928 2265 4001 fidem
2327 3928 2584 4020 Anto-,

447 4210 523 4270 (ί)
559 4210 720 4275 Pagg.
748 4211 847 4263 155
867 4214 922 4263 et
947 4212 1061 4264 136.

452 4290 523 4355 (2)
561 4290 797 4355 officit„
821 4305 879 4358 p.
906 4293 990 4344 24.

2310 4330 2392 4441 15'

319 4983 338 5000 ,¹
415 4979 428 4988 r
