3175 5084
1234 473 1644 541 ..49-

364 657 474 729 nis
511 657 738 733 finalis
774 666 1083 751 tempore
1120 664 1322 751 atque
1352 657 1749 731 imminente
1777 658 1943 731 bora
1969 657 2526 742 resurrectionis,

363 771 714 867 accipiens
774 772 1074 866 Spiritus
1125 773 1416 846 Sanctus
1477 773 1595 866 qui
1658 772 1725 843 in
1787 773 2083 866 puritate
2121 762 2533 847 'custoditus

364 887 571 960 fuerit
604 888 743 961 vim
779 908 1091 982 maguam
1126 907 1208 958 ex
1242 895 1479 959 natura
1514 909 1663 972 sua,
1701 888 1770 958 in
1803 896 2247 981 conspectum
2280 887 2536 961 Christi

362 1002 618 1086 veniet,
665 1009 733 1073 et
768 1002 976 1074 stabit
1007 1000 1198 1093 juxta
1241 1009 1476 1095 portas
1510 1001 1886 1075 coemeterii
1923 1001 2039 1074 ubi
2074 1002 2328 1096 sepulti
2376 1009 2537 1074 sunt

365 1118 484 1210 qui
520 1139 599 1189 se
646 1117 716 1188 in
763 1116 1059 1211 puritate
1109 1126 1576 1202 servaverunt,
1628 1136 1843 1190 cornu
1900 1115 2200 1189 sonitum
2252 1137 2533 1212 exspec-

364 1241 546 1305 tans.
593 1232 730 1305 Ubi
764 1253 928 1304 vero
962 1232 1190 1326 angeli
1215 1240 1449 1325 portas
1475 1232 1633 1305 coeli
1662 1241 1818 1305 ante
1845 1253 2080 1327 regem
2109 1233 2529 1326 aperuerint,

365 1355 529 1421 tunc
581 1366 797 1420 cornu
849 1366 1087 1419 vocem
1138 1346 1428 1432 emittet,
1488 1347 1798 1420 buccinae
1852 1348 2244 1442 clangorem
2302 1347 2528 1430 edent,

363 1472 462 1549 et,
531 1464 764 1537 sonitu
825 1463 1083 1547 audito,
1154 1462 1477 1556 Spiritus,
1520 1463 1642 1557 qui
1687 1464 2152 1558 exspectabat,
2219 1464 2536 1558 sepulcra

363 1579 777 1651 festinanter
827 1577 1094 1672 aperiet
1146 1585 1215 1648 et
1250 1598 1548 1671 corpora
1591 1584 1796 1671 atque
1841 1577 1913 1648 id
1961 1577 2147 1671 quod
2192 1576 2264 1649 in
2300 1578 2388 1651 iis
2424 1598 2534 1650 se·

364 1694 636 1786 pultum
673 1701 783 1765 est
815 1690 1199 1765 suscitabit.
1241 1720 1277 1756 >³

469 1808 556 1879 Et
600 1808 805 1901 paulo
860 1814 1019 1900 post
1059 1830 1073 1878 ε
1134 1834 1170 1871 ει
1208 1806 1337 1878 Hic
1389 1805 1717 1899 Spiritus,
1755 1824 1978 1900 'quem
2031 1807 2385 1901 prophetae
2437 1829 2539 1880 re-

367 1931 706 2016 ceperunt
765 1938 1031 2015 nosque
1078 1921 1335 2015 pariter
1386 1922 1800 2014 recepimus,
1841 1943 1982 1995 non*
2014 1921 2344 1995 continuo
2375 1931 2542 1995 tem-

369 2059 569 2132 pore,
613 2037 828 2110 amice
866 2038 984 2122 mi,
1036 2037 1214 2132 apud
1268 2057 1390 2110 eos
1441 2038 1784 2110 invenitur
1834 2038 2086 2133 quibus
2136 2037 2334 2110 datus
2389 2046 2533 2122 est;

371 2164 443 2226 at
476 2176 658 2227 nunc
694 2154 777 2226 ad
807 2175 961 2227 eum
996 2176 1034 2225 a
1070 2175 1206 2247 quo
1243 2154 1498 2226 missus
1534 2162 1642 2226 est
1677 2153 1843 2238 abit,
1887 2175 2067 2226 nunc
2100 2175 2264 2228 vero
2299 2154 2381 2225 ad
2420 2175 2541 2227 eos

370 2269 561 2343 venit
608 2269 726 2362 qui
775 2268 1000 2362 ipsum
1061 2274 1496 2361 acceperunt.
1550 2267 1727 2339 Audi
1782 2289 1935 2361 quae
1989 2268 2161 2340 dixit
2212 2268 2544 2341 Dominus

372 2394 614 2459 noster
654 2410 668 2456 :
713 2388 808 2461 Ne
842 2388 1286 2457 contemnatis
1320 2406 1534 2456 unum
1566 2406 1657 2457 ex
1690 2388 1798 2457 his
1837 2387 2118 2476 pusillis
2149 2389 2270 2478 qui
2321 2390 2396 2456 in
2437 2408 2545 2458 mc

371 2506 686 2594 credunt,
714 2505 880 2595 quia
906 2505 1135 2596 anqeli
1169 2523 1398 2575 eorum
1431 2505 1509 2574 in
1536 2504 1725 2574 coelis
1756 2523 2019 2594 semper
2043 2504 2274 2575 vident
2295 2506 2544 2595 faciem

373 2625 609 2694 Patris
644 2624 775 2693 mci
811 2620 914 2715 (1).
957 2620 1087 2692 Hic
1122 2620 1335 2714 igitur
1368 2619 1666 2716 Spiritus
1702 2641 1859 2693 sese
1894 2619 2080 2693 omni
2116 2628 2423 2715 tempore
2458 2621 2543 2693 ad

376 2738 591 2809 Deum
624 2735 915 2820 confert,
948 2755 1175 2807 coram
1205 2756 1288 2807 eo
1325 2743 1484 2820 stat,
1528 2735 1769 2809 faciem
1799 2736 2019 2832 ipsius
2048 2738 2546 2831 contemplatur

377 2860 447 2926 et
479 2851 661 2947 apud
698 2872 852 2924 eum
898 2852 1339 2945 conqueritur
1387 2852 1472 2925 de
1523 2852 1641 2926 illo
1694 2853 1812 2946 qui
1863 2853 2121 2945 templo
2155 2875 2194 2924 a
2229 2874 2306 2925 se
2352 2853 2542 2923 inha-

381 2969 591 3041 bitato
629 2976 1106 3041 nocumentum
1148 2967 1367 3042 affert.
1410 2997 1446 3034 »

473 3085 710 3169 Vides,
769 3084 974 3156 frater
1029 3082 1304 3166 dilecte.
1364 3091 1683 3177 quantam
1744 3084 2197 3179 ignorantiam
2249 3084 2544 3177 prodant

380 3201 492 3272 illa
524 3201 761 3283 verba,
811 3218 1171 3291 quemnam
1207 3198 1535 3272 honorem
1574 3200 1861 3293 Spiritui
1914 3201 2163 3273 Sancto
2210 3199 2536 3283 tribuant,

381 3314 544 3408 quid
582 3313 995 3386 intellexerit
1030 3322 1268 3386 auctor
1302 3334 1427 3406 per
1461 3314 1623 3386 illos
1661 3314 1961 3387 fidelium
2010 3315 2321 3409 angelos,
2361 3334 2540 3407 quos

380 3436 670 3501 testatus
706 3437 815 3500 est
857 3428 1189 3501 Dominus
1238 3436 1476 3502 noster
1538 3428 1781 3502 faciem
1841 3428 2065 3501 Patris
2111 3429 2220 3502 sui
2266 3449 2542 3522 semper

380 3545 635 3618 videre.
676 3545 840 3616 Haeo
874 3544 1110 3618 eadem
1147 3545 1486 3617 sententia
1522 3546 1664 3617 illis
1707 3546 1908 3617 etiam
1944 3544 2353 3639 proponitur
2387 3565 2541 3638 quae

385 3660 563 3732 circa
611 3660 817 3731 finem
864 3662 1372 3733 Dissertationis
1425 3662 1508 3732 de
1567 3663 2063 3734 resurrectione
2121 3671 2539 3735 mortuorum

386 3784 784 3860 occurrunt;
827 3796 980 3870 quae
1015 3786 1301 3869 propter
1352 3777 1694 3850 sermonis
1746 3776 2205 3871 prolixitatem
2257 3777 2371 3848 hic
2424 3798 2539 3849 ex-

360 3891 693 3969 ,scribere
730 3911 868 3962 non
898 3892 1144 3964 ausim.
1229 3932 1233 3941 «

484 4007 628 4080 Illis
663 4006 954 4094 relictiS,
996 4029 1150 4102 quae
1187 4029 1409 4095 mens,
1440 4015 1515 4081 ut
1542 4007 1682 4082 dici
1708 4008 1912 4094 solet,
1937 4008 2126 4081 nullo
2162 4008 2440 4102 negotio
2468 4005 2542 4105 (2)

455 4241 524 4306 (2)
558 4240 722 4297 Nullo
745 4240 974 4307 neyotio.
1006 4243 1121 4298 Duo
1145 4241 1260 4294 baec
1281 4239 1543 4296 vocabula
1565 4239 1752 4294 addidi
1788 4240 1844 4293 iu
1887 4239 2243 4295 translatione
2282 4238 2543 4293 claritatis

2338 4338 2381 4401 6
