3175 5084
1253 479 1703 546 ...261....

404 670 651 761 qladio.
695 671 780 741 Et
822 669 1139 742 Christus
1185 669 1466 765 quidem
1501 693 1541 742 a
1575 670 1807 765 gladio
1842 679 2121 766 ereptus
2156 681 2290 758 est,
2333 662 2572 769 egres-

405 808 524 859 sus
576 795 685 860 est
734 809 773 859 e
819 787 1217 880 sepulchro,
1258 785 1462 858 tertia
1518 787 1632 859 die
1681 808 2082 882 resurgens,
2124 789 2449 884 Deusque
2512 792 2574 864 ei

407 901 529 977 fuit
564 904 842 977 auxilio.
883 901 975 976 At
1009 905 1170 977 Saul
1225 903 1588 976 Dominum
1640 904 2006 988 invocavit,
2046 927 2174 978 nec
2210 907 2571 981 exauditus

404 1031 544 1106 est;
577 1022 770 1094 illum
807 1043 932 1115 per
967 1021 1340 1114 prophetas
1371 1021 1747 1105 consuluit,
1783 1043 2005 1116 neque
2037 1023 2247 1094 ullum
2274 1024 2572 1100 obtinuit

400 1160 810 1232 responsum
856 1164 874 1210 ε
914 1147 1084 1222 tum,
1117 1138 1336 1210 celato
1373 1138 1677 1221 nomine,
1712 1138 2107 1211 sciscitatus
2136 1150 2243 1211 est
2279 1140 2563 1223 ari0103,

398 1278 438 1328 a
471 1255 723 1348 quibus
773 1277 973 1329 omen
1009 1254 1314 1346 accepim
1358 1255 1552 1326 clade
1597 1276 1634 1325 a
1678 1255 2050 1327 Philistaeis
2092 1255 2379 1327 affectus
2425 1267 2558 1337 est,

402 1372 783 1466 vidensque
836 1349 1070 1444 hostes
1116 1370 1184 1441 in
1229 1392 1462 1464 pugna
1506 1371 1934 1462 superiores„
1985 1371 2292 1464 seipsum
2339 1372 2570 1465 gladio

404 1509 533 1560 suo
570 1486 940 1559 interemit.
981 1484 1095 1557 Ait
1130 1485 1351 1557 adhue
1388 1485 1602 1556 David
1656 1486 1725 1556 in
1781 1485 2024 1558 eodem
2067 1487 2394 1558 vaticinio
2430 1485 2508 1583 (1)
2553 1514 2567 1559 :

405 1608 653 1677 Nomen
688 1616 884 1674 tuum
922 1603 1259 1690 fratribus
1287 1603 1454 1671 meis
1484 1602 1892 1691 proedieabm
1930 1603 2005 1671 in
2035 1604 2257 1673 media
2290 1605 2576 1674 eeclesia

406 1720 697 1791 laudabo
764 1730 852 1789 te.
926 1717 1285 1805 Quomodo
1346 1737 1505 1787 vero
1569 1716 1699 1787 ista
1770 1716 1836 1786 in
1901 1717 2170 1788 Saulem
2238 1718 2575 1811 quadrare

409 1834 743 1929 possunt?
790 1830 880 1903 Et
928 1832 1175 1904 iterum
1220 1831 1393 1903 dixit
1442 1832 1808 1902 Psalmista
1842 1829 1966 1928 (2):
2010 1833 2153 1906 Non
2200 1837 2577 1923 permisisti

404 1960 723 2021 sanetum
765 1959 960 2020 tuum
988 1948 1214 2019 videre
1243 1948 2022 2037 corruptionem.Verum
2052 1948 2400 2021 enimvero
2431 1950 2577 2021 haee

408 2065 635 2137 omnia
684 2063 753 2134 in
806 2062 1082 2135 Christo
1127 2063 1405 2155 impleta
1457 2071 1643 2133 sunt.
1691 2064 1912 2149 Quum
1958 2063 2138 2133 enim
2174 2063 2257 2134 ad
2293 2064 2574 2136 Judaeos

408 2181 739 2273 venisset,
783 2178 1009 2271 ipsum
1046 2177 1160 2248 isti
1199 2198 1334 2248 non
1383 2187 1822 2269 receperunt,
1865 2177 1988 2248 sed
2027 2177 2262 2270 inique
2302 2178 2575 2249 damna·

409 2302 678 2378 verunt,
745 2293 1051 2365 adhibito
1116 2292 1288 2363 falso
1352 2292 1779 2374 testimoniO,
1838 2313 2130 2386 eumque
2183 2314 2219 2364 e
2273 2294 2578 2386 patibulo

411 2411 722 2484 manibus
785 2410 932 2480 suis
994 2408 1533 2501 suspenderunt,
1601 2408 1863 2500 palmas
1915 2416 1984 2481 et
2036 2410 2305 2501 plantas
2366 2411 2580 2482 clavis

409 2527 948 2600 transfodientes
997 2535 1200 2620 atque
1244 2525 1645 2619 affigentes;
1702 2526 1883 2597 unde
1934 2527 2160 2599 omnia
2195 2548 2357 2600 ossa
2392 2527 2577 2599 illius

409 2644 853 2736 ejulaverunt.
897 2671 931 2706 »

535 2942 611 3012 V.
663 2942 1031 3030 Aphraatis
1070 2940 1379 3010 doctrina
1415 2941 1497 3011 de
1530 2941 1693 3028 fidei
1727 2954 1788 3012 et
1827 2945 2145 3012 bonorum
2181 2963 2455 3032 operum

921 3059 1323 3127 necessitate
1358 3058 1448 3127 ad
1470 3058 2065 3148 justificationem.

514 3272 609 3341 De
637 3269 797 3340 fidei
816 3277 886 3340 et
906 3268 1241 3340 bonorum
1269 3289 1553 3360 operum
1582 3267 1884 3339 efficacia
1911 3270 1992 3339 ad
2013 3271 2576 3361 justificationem

416 3392 484 3456 et
537 3386 824 3457 salutem
880 3382 1320 3455 obtinendam
1372 3404 1451 3454 ae
1504 3384 1883 3476 generatim
1933 3384 2017 3454 de
2062 3384 2584 3475 justificationis

416 3509 678 3582 natura,
721 3497 1236 3570 conditionibus
1274 3508 1343 3569 et
1377 3498 1915 3590 proprietatibus
1952 3499 2246 3592 plurima
2281 3502 2583 3573 auctoris

415 3615 637 3687 nostri
673 3616 987 3704 Epi-stolis
1024 3615 1293 3697 insunt;
1353 3635 1508 3707 quae
1563 3614 1624 3685 si
1680 3615 1747 3684 in
1804 3636 2012 3686 unum
2057 3615 2576 3709 colligerentur,

417 3739 522 3801 sat
556 3730 798 3823 amplae
832 3729 1261 3800 tractationis
1322 3729 1666 3801 materiam
1703 3731 1811 3801 vel
1848 3731 1993 3802 sola
2030 3731 2577 3824 suppeditarent.

418 3846 515 3915 Ex
553 3845 661 3916 his
698 3865 909 3937 pauca
945 3853 1209 3917 tantum
1241 3846 1496 3918 cursim
1535 3845 2016 3918 delibabimus

515 3959 617 4031 Ad
673 3961 959 4054 gratiam
1023 3961 1209 4056 quod
1271 3961 1540 4045 attinet,
1600 3983 1746 4034 eam
1808 3964 2237 4065 plerumque⁸
2273 3962 2587 4056 depingit

486 4207 562 4270 (ι)
596 4204 688 4259 1³⁸.
715 4205 845 4268 xxi,
869 4204 953 4257 η.

488 4288 566 4353 (a)
601 4288 695 4343 ps.
719 4289 850 4352 xvi,
877 4288 959 4341 ιο.
