3175 5084
1573 445 2135 513 ..2ffl-‘

718 657 870 730 quae
904 635 990 708 ad
1027 635 1333 708 eamdem
1369 636 1751 709 doctrinam
1787 633 2267 707 stabiliendam
2308 634 2538 705 afferri
2584 654 2874 705 consue-

718 760 983 825 verunt.
1021 753 1116 824 De
1152 751 1406 846 quibus
1439 750 1609 824 illud
1645 751 1758 823 hic
1783 750 2165 824 advertisse
2202 749 2520 834 sufficiat,
2553 748 2880 844 quasdam

717 867 950 939 futiles
985 887 1302 961 prorsuS,
1345 867 1712 960 plerasque
1750 865 1976 938 minus
2014 865 2245 938 firmas
2274 864 2723 959 deprehendi,
2756 885 2883 936 nec

720 981 842 1054 ulli
876 981 1013 1054 vim
1049 991 1416 1076 cogentem
1451 981 1708 1055 inesse.

819 1095 1184 1185 Caeterum,
1220 1104 1297 1168 ut
1329 1096 1637 1190 prudens
1691 1095 1814 1168 hac
1867 1117 2078 1189 super
2126 1096 2508 1189 quaestione
2546 1095 2884 1189 judicium

722 1212 1003 1298 feratur,
1046 1212 1474 1285 notandum
1455 1233 1745 1305 1nsuper
1777 1221 1884 1285 est
1917 1220 2236 1285 auctores
2268 1213 2616 1306 antiquOS,
2650 1212 2767 1306 qui
2802 1212 2889 1283 de

723 1350 802 1403 ea
862 1340 1179 1424 egerunt,
1247 1330 1702 1403 dubitantium
1756 1330 1865 1403 vel
1915 1329 2369 1423 opinantium,
2427 1350 2564 1403 non
2615 1349 2892 1402 asseve-

641 1479 644 1484 ·
725 1444 1015 1517 rantium
1101 1445 1307 1517 modo
1386 1444 1775 1539 saepissime
1851 1444 2121 1518 locutos
2200 1465 2381 1517 esse.
2460 1445 2561 1517 Ita
2627 1443 2889 1539 quippe

726 1560 799 1632 S.
845 1560 1329 1655 HieronymuS,
1379 1582 1582 1655 quem
1629 1581 1785 1633 mox
1836 1561 2253 1644 audivimus;
2298 1561 2391 1632 ita
2439 1569 2509 1633 et
2554 1560 2670 1633 alii
2712 1561 2887 1632 bene

724 1678 943 1749 multi.
980 1678 1177 1751 Unde
1214 1680 1284 1752 S.
1329 1679 1761 1774 Augustinus
1796 1675 1895 1776 (t),
1937 1680 2291 1773 explicans
2326 1681 2512 1752 mille
2547 1701 2765 1751 annos
2801 1679 2888 1751 de

720 1793 973 1888 quibus
1032 1795 1523 1889 Apocalypaeos
1580 1796 1731 1877 XX,
1800 1793 1922 1865 2-6
1981 1820 1995 1867 z
2060 1824 2097 1860 «
2131 1796 2343 1879 Mille,
2390 1796 2659 1889 inquit,
2726 1794 2888 1867 anni

722 1907 993 1980 duobus
1057 1909 1281 1981 modis
1345 1920 1639 2003 possunt
1702 1909 1997 2004 intelligi
2050 1934 2066 1981 ε
2117 1920 2234 1982 aut
2277 1910 2435 2004 quia
2496 1909 2564 1980 in
2626 1910 2890 1982 ultimis

725 2022 910 2093 mille
943 2023 1143 2095 annis
1179 2025 1309 2096 ista
1344 2044 1458 2097 res
1493 2024 1745 2119 agitur,
1787 2026 1854 2096 id
1899 2034 2007 2097 est
2050 2034 2245 2098 sexto
2297 2046 2625 2097 annorum
2678 2015 2892 2097 'mille'-

726 2139 943 2222 nario,
985 2148 1304 2234 tanquam
1354 2150 1548 2213 sexto
1592 2141 1732 2228 die,
1774 2141 1971 2233 cujus
2017 2163 2199 2213 nunc
2244 2143 2463 2234 spatia
2506 2141 2896 2235 posteriora

726 2254 1115 2339 volvuntur,
1184 2263 1508 2328 secuturo
1570 2256 1822 2329 deinde
1891 2256 2173 2329 sabbato
2243 2258 2427 2349 quod
2491 2278 2627 2329 non
2690 2257 2897 2329 habet

724 2390 1106 2462 vesperam,
1181 2371 1419 2464 requie
1488 2371 1759 2444 scilicet
1821 2381 2213 2444 sanctorum
2275 2394 2429 2466 quae
2491 2394 2625 2447 non
2690 2371 2896 2443 habet

725 2483 967 2566 finem;
1011 2493 1086 2556 ut
1120 2484 1323 2577 hujus
1362 2486 1720 2558 millenarii
1758 2494 2076 2582 tanquam
2116 2487 2559 2560 novissimam
2595 2495 2888 2581 partem,

724 2620 878 2693 quae
915 2600 1294 2673 remanebit
1337 2587 1559 2695 us‘que
1597 2603 1680 2673 ad
1718 2603 2084 2675 terminum
2138 2587 2402 2686 saeculi,
2445 2602 2629 2675 mille
2676 2623 2896 2674 annos

724 2714 1196 2805 appellaverit,
1236 2736 1319 2788 eo
1357 2716 1687 2810 loquendi
1736 2716 1940 2790 modo
1999 2739 2136 2811 quo
2181 2739 2343 2811 pars
2389 2703 2825 2811 significatur
2859 2736 2898 2785 a

726 2837 909 2913 toto;
954 2872 1043 2883 -—
1082 2841 1198 2903 aut
1232 2841 1422 2905 certe
1460 2833 1648 2905 mille
1684 2855 1902 2905 annos
1938 2854 2065 2925 pro
2099 2833 2297 2904 annis
2332 2833 2652 2903 omnibus
2693 2831 2897 2923 hujus

709 2945 962 3041 ⁸saeculi
1009 2947 1269 3040 posuit,
1323 2957 1396 3020 ut
1439 2949 1749 3041 perfecto
1796 2970 2081 3021 numero
2115 2956 2478 3021 'notaretur
2527 2949 2680 3041 ipsa
2731 2958 2897 3019 tem·

723 3061 915 3154 poris
978 3063 1359 3156 plenitudo
1415 3095 1449 3129 »
1521 3108 1611 3119 ---
1668 3066 1854 3139 Idem
1908 3074 2159 3148 tamen,
2221 3065 2382 3137 alibi
2447 3061 2550 3162 (2),
2604 3085 2726 3136 eos
2777 3062 2898 3156 qui

727 3177 1049 3248 mundum
1087 3179 1363 3252 nonnisi
1414 3201 1536 3253 sex
1572 3202 1904 3253 annorum
1943 3181 2153 3252 millia
2199 3180 2606 3252 exstiturum
2642 3178 2898 3272 praedi-

723 3300 880 3362 cant
919 3292 1169 3365 refellit
1212 3314 1295 3367 ex
1342 3295 1575 3367 verbis
1619 3295 1877 3369 Christi
1915 3295 2212 3379 Domini,
2242 3296 2431 3366 Matt.
2467 3294 2705 3378 XXIV,
2745 3290 2839 3363 36
2875 3316 2893 3362 ε

727 3410 821 3478 De
853 3408 963 3479 die
997 3419 1225 3481 autem
1261 3412 1389 3482 illa
1424 3422 1491 3483 et
1523 3413 1693 3483 hora
1729 3429 1920 3484 nemo
1964 3416 2122 3496 scit,
2179 3431 2395 3502 neque
2444 3411 2669 3500 anqeli
2707 3410 2895 3480 coelo·

727 3544 920 3607 rum,
990 3525 1131 3595 nisi
1195 3526 1381 3596 solua
1451 3523 1696 3613 Pam-,-
1771 3525 2254 3617 consentitque
2318 3526 2383 3595 S.
2461 3523 2896 3606 AmbrosiuS,

735 3636 892 3708 libr.
931 3638 1053 3709 Vll
1090 3641 1166 3710 in
1199 3642 1480 3713 Lucam.

830 3753 1078 3847 Itaque·
1100 3756 1161 3826 si
1197 3757 1424 3828 omnia
1475 3777 1630 3850 quae
1680 3756 1915 3830 haberi
1953 3765 2250 3850 possunt
2295 3757 2660 3829 documen
2642 3776 2706 3828 a
2739 3775 2902 3847 pen·

729 3877 969 3941 sentur
1003 3878 1261 3943 attente
1296 3881 1366 3944 et
1400 3873 1581 3944 inter
1617 3892 1696 3944 se
1732 3872 2198 3954 conferantur,
2234 3871 2379 3943 haec
2405 3871 2617 3944 veluti
2655 3877 2902 3963 sponte

730 4006 810 4056 ac
863 3986 1258 4058 necessario
1321 3986 1556 4079 prodit
1617 3987 1860 4070 illatio,
1930 3986 2383 4079 quaestionem
2447 3988 2532 4058 de
2595 3983 2902 4078 tempore

797 4205 871 4265 (¹)
912 4204 986 4255 De
1008 4203 1220 4257 civitate
1243 4204 1346 4258 Dei
1371 4204 1464 4258 lib.
1492 4207 1598 4268 XX,
1622 4217 1740 4272 cap.
1771 4207 1821 4257 7.

799 4284 875 4348 (2)
910 4284 970 4337 1η
996 4288 1189 4349 psalm.
1216 4285 1507 4352 LXXXIX,
1533 4299 1680 4342 vers.
1708 4290 1758 4340 4.
