3175 5084
1262 446 1710 513 ..155-

385 636 550 727 lpse
582 638 950 727 Epistolam
975 637 1148 707 hanc
1197 635 1507 745 scripsit,
1546 655 1832 728 eamque
1864 635 1949 707 ad
1984 634 2295 706 abbatem
2333 653 2566 726 quem-

388 751 547 823 dam
584 751 794 825 misit.
830 779 868 815 ι)
898 752 997 823 De
1042 750 1107 823 vi
1142 750 1422 844 quidem
1457 771 1547 823 ac
1572 751 1919 824 sententia
1951 748 2154 841 hujus
2187 747 2567 823 annotatio·

390 866 530 949 nie,
552 866 737 959 quod
765 872 1031 958 spectat
1054 866 1141 939 ad
1168 873 1591 958 postremam
1618 864 2165 959 propositionem
2194 863 2564 958 Syriacam,

391 980 598 1053 nobis
636 980 1690 1072 nonoonsentitol.w1=ightius‚
1723 979 2093 1073 siquidem,
2127 986 2451 1072 quantum
2484 998 2567 1050 ex

391 1095 617 1187 ipsius
653 1094 886 1167 verbis
921 1095 1252 1187 colligere
1285 1095 1448 1169 licet
1482 1092 1589 1188 (1),
1634 1095 1721 1169 de
1772 1114 2064 1187 quanam
2116 1094 2416 1183 Epistola
2471 1091 2568 1164 ibi

390 1232 623 1283 sermo
649 1210 742 1285 sit
777 1210 1031 1285 dubius
1067 1220 1134 1283 et
1172 1210 1438 1282 inscius
1476 1211 1713 1283 haeret.
1747 1211 2024 1292 Verum,
2063 1215 2139 1281 ut
2173 1208 2242 1281 id
2279 1207 2571 1281 candide

389 1326 630 1409 fatear,
674 1326 885 1399 ullam
918 1325 1120 1417 hujus
1157 1324 1611 1405 dubitationis
1648 1325 1981 1399 rationem
2017 1345 2151 1417 ego
2187 1343 2326 1395 non
2369 1343 2568 1415 pers-

392 1441 581 1533 picio
639 1465 656 1515 :
710 1441 939 1513 omnia
972 1441 1229 1534 quippe
1280 1441 1562 1514 lectoris
1616 1439 1933 1533 praedicti
1983 1438 2192 1511 verba
2240 1438 2331 1511 ita
2379 1458 2567 1512 com-

392 1565 628 1649 parata
679 1557 841 1627 mihi
879 1554 1222 1639 videntur,
1265 1565 1340 1633 ut
1395 1557 1462 1626 in
1515 1558 1879 1628 Humiliam
1907 1553 2242 1649 ‘proxime
2290 1561 2566 1626 antece·

395 1671 669 1745 dentem
737 1670 1096 1763 aptissime
1165 1671 1501 1763 quadrent
1570 1679 1640 1742 et
1712 1690 1869 1743 eum
1940 1689 2219 1742 sensum
2288 1666 2572 1739 fundant

394 1807 600 1878 quem
637 1785 845 1859 latine
883 1785 1225 1878 expressi.
1269 1780 1474 1873 Quod
1531 1784 1594 1857 si
1652 1786 1869 1856 semel
1905 1784 2113 1857 fuerit
2145 1781 2521 1855 admissum
2548 1838 2565 1865 ‚

396 1900 827 1979 inferendum
863 1900 1018 1983 erit,
1063 1921 1147 1972 ex
1182 1900 1500 1994 anonymi
1552 1907 1782 1972 mente
1815 1900 2173 1973 universas
2206 1896 2572 1990 Aphraatis

394 2018 732 2107 Epi-stolas
765 2015 847 2085 ad
884 2013 1479 2086 archimandritam
1540 2014 1839 2086 directas
1888 2013 2138 2095 fuisse;
2198 2012 2351 2105 ipse
2386 2033 2572 2083 nam-

397 2153 533 2224 que
555 2139 793 2202 auctor
822 2118 1331 2205 lucubrationes
1359 2150 1523 2200 suas
1556 2149 1797 2201 omnes
1823 2128 1907 2201 ad
1935 2128 2248 2201 eumdem
2281 2127 2573 2198 amicum

398 2269 438 2318 a
474 2268 550 2318 se
588 2247 836 2318 missas
874 2246 1241 2339 perspicue
1279 2244 1628 2340 significat
1662 2242 1761 2341 (a).

500 2362 600 2437 Ad
638 2370 907 2443 aetatem
937 2360 1413 2433 translationis
1445 2359 1875 2448 Armeniacae
1908 2360 2093 2453 quod
2139 2360 2401 2442 attinet,
2434 2360 2572 2451 jam

395 2477 820 2549 asseruimus
854 2534 871 2562 ,
959 2496 1105 2553 eam
1178 2496 1313 2547 non
1381 2496 1545 2549 esse
1617 2484 1806 2547 textu
1875 2475 2289 2568 primigenio
2359 2474 2573 2546 multo

398 2592 880 2667 recentiorem.
935 2592 1368 2683 Scriptorum
1424 2599 1647 2662 tamen
1700 2592 1825 2663 hac
1876 2591 1962 2662 de
2012 2612 2089 2662 re
2141 2598 2326 2665 certa
2378 2589 2573 2662 testi-

399 2707 626 2779 monia
662 2706 1165 2804 desiderantur..
1203 2706 1370 2775 Nam
1408 2726 1447 2777 a
1483 2706 1734 2779 Fausto
1769 2704 2138 2798 Byzantino
2166 2703 2241 2799 (3)
2278 2712 2349 2777 et
2382 2705 2575 2779 Mose

398 2820 821 2894 Chorenensi
849 2818 949 2916 (4),
988 2820 1167 2891 sicut
1203 2819 1270 2889 in
1309 2820 1378 2891 S.
1421 2819 1662 2891 Jacobi
1699 2819 2012 2891 Nisibeni
2049 2819 2336 2891 historia
2370 2840 2573 2912 quam

400 2936 606 3008 nobis
659 2957 742 3007 ex
789 2934 1248 3007 Armenorum
1299 2936 1663 3025 Menoloqio
1707 2934 1983 3006 exhibet
2024 2933 2433 3006 Antonellus
2469 2931 2569 3032 (5),

400 3052 488 3131 de
541 3053 674 3125 vita
724 3051 1001 3146 quidem
1073 3058 1140 3123 et
1196 3050 1404 3122 rebus
1460 3051 1684 3145 gestis
1731 3050 1959 3144 magni
2007 3050 2193 3123 illius
2244 3050 2573 3144 Episcopi

400 3169 611 3239 multa
647 3175 740 3252 et,
783 3188 911 3261 pro
943 3187 1129 3238 more
1167 3174 1372 3260 atque
1409 3165 1642 3237 indole
1678 3164 1935 3260 gentis,
1977 3164 2149 3236 mira
2182 3174 2567 3250 narrantum

401 3281 489 3354 de
524 3279 806 3374 scriptis
843 3300 1007 3352 vero
1044 3301 1338 3372 quorum
1373 3272 1580 3351 fuerit
1630 3289 1868 3353 auctor
1917 3300 2005 3352 ne
2049 3280 2261 3351 ullum
2296 3279 2572 3373 quidem

399 3398 685 3471 verbum
747 3395 1073 3470 occurrit.
1133 3396 1691 3470 Vetustissimum
1741 3395 1926 3490 quod
1977 3396 2157 3491 apud
2208 3396 2574 3469 Armenios

467 3634 539 3695 (l)
572 3649 602 3678 «
631 3633 648 3682 1
673 3630 744 3684 do
770 3637 865 3683 not
889 3629 1002 3685 find
1030 3629 1139 3683 this
1163 3630 1360 3698 epistle
1402 3631 1720 3691 mentioned
1742 3633 2033 3699 anywhere
2056 3631 2170 3685 else
2216 3649 2248 3680 >>
2274 3632 2350 3684 lta
2376 3629 2492 3696 ille,
2518 3631 2574 3684 in

400 3714 590 3768 notula
614 3713 742 3767 huic
767 3712 1084 3767 testimonio
1108 3714 1382 3781 apposita,
1409 3728 1495 3778 op.
1521 3715 1638 3778 cit„
1665 3714 1873 3782 praerat.
1902 3729 1958 3782 p.
1988 3718 2067 3769 Η.

471 3819 550 3882 (2)
584 3822 682 3886 Ap.
710 3818 969 3885 Wright.,
995 3832 1049 3884 p.
1088 3813 1216 3887 μὲ
1258 3839 1272 3855 .

466 3918 541 3980 (3)
574 3916 815 3977 Sassina,
839 3929 926 3980 op.
952 3916 1158 3980 sceptus
1179 3915 1297 3978 cit„
1333 3929 1387 3981 p.
1414 3915 1512 3977 ης
1540 3914 1815 3984 Langmis'
1841 3913 1952 3969 cm
2020 3914 2054 3967 t.
2162 3915 2258 3969 m
2282 3915 2574 3969 historiens

398 3999 625 4055 aucuns
649 4003 701 4051 et
725 3999 1007 4055 modernos
1028 3999 1094 4053 de
1116 3995 1416 4053 t'Arme‘nie
1439 3996 1635 4062 (Paris,
1661 3998 1834 4061 1867),
1858 4002 1991 4052 tem.
2021 3999 2061 4061 1,
2083 4011 2138 4064 p.
2164 3998 2263 4050 218
2286 4009 2441 4064 seqq.

467 4082 675 4215 (ἅὲθιψῑ.
691 4079 1070 4213 4ἷιιαρῑιοηιιιιι
1118 4080 1195 4141 (S.
1244 4076 1456 4144 Iacchi,
1505 4079 1608 4146 Ep.
1657 4079 1927 4147 Nisibeni,
1973 4083 2292 4145 sermones),
2337 4078 2572 4146 μαῖαι,

400 4176 498 4228 pp.
612 4174 643 4214 e
763 4201 777 4214 .

472 4245 550 4309 (5)
585 4243 687 4309 op.
714 4243 830 4307 cit„
855 4242 1065 4310 praefat.
1093 4258 1147 4310 p.
1173 4246 1240 4297 53
1265 4255 1422 4311 seqq.
