3175 5084
102 24 127 83 η...

216 18 251 67 '¹-

320 0 334 25 ..Q

1313 494 1722 560 ..77-

423 688 587 751 sunt
617 674 724 778 (ι).
769 680 1149 757 Occasione
1182 681 1743 774 persecutionum
1793 683 1901 755 sui
1936 683 2294 777 temporis,
2336 695 2411 758 ut
2459 684 2602 757 ani—

423 820 610 872 mum
646 800 869 873 amico
913 798 1221 882 adderet,
1264 799 1634 892 specialem
1682 800 1966 893 scripsit
2003 803 2100 873 De
2139 807 2605 894 persecutione

423 917 998 998 dissertatwnm,
1057 933 1211 1006 quae
1245 914 1546 986 occurrit
1597 914 1839 987 ordine
1874 915 2206 1009 vigesima
2240 919 2460 1011 prima
2495 916 2596 1015 (a).

428 1028 628 1116 Quod
665 1037 889 1101 autem
925 1027 1008 1100 ad
1046 1047 1191 1100 rem
1227 1035 1528 1099 nostram
1568 1029 1787 1122 magis
1823 1029 2025 1100 etiam
2060 1029 2248 1115 facit,
2292 1041 2601 1126 tempora

427 1166 566 1217 non
618 1165 775 1218 raro
829 1143 1149 1236 designat
1183 1163 1266 1215 ex
1300 1143 1498 1215 annis
1535 1144 1817 1237 Saporis
1853 1146 2067 1239 regis.
2115 1146 2256 1233 Sic,
2293 1148 2607 1221 absoluta

425 1261 918 1332 Dis-sanatione
949 1260 1128 1343 XIV,
1165 1258 1276 1330 cui
1319 1258 1560 1330 titulus
1596 1262 1989 1349 Deprecatio
2032 1261 2140 1333 vel
2172 1263 2599 1347 Adher-tatio,

427 1375 676 1447 scribit
708 1369 786 1472 (a)
826 1397 847 1448 ε
888 1401 927 1439 «
960 1373 1355 1466 Composita
1381 1381 1489 1446 est
1513 1376 1818 1465 Epistola
1852 1375 2001 1447 haec
2039 1395 2275 1449 mense
2310 1381 2604 1449 Februa-

425 1496 532 1564 rio
589 1488 939 1590 (Schebot)
990 1490 1151 1562 anni
1219 1491 1704 1564 sexcentesimi
1774 1491 2323 1587 quinquagesimi
2384 1495 2605 1587 quinti

430 1606 630 1700 regni
689 1605 1085 1689 Alexandri,
1143 1605 1265 1676 filii
1327 1606 1630 1700 Philippi
1685 1609 2103 1693 Macedonis,
2154 1630 2333 1681 anno
2381 1618 2605 1682 autem

428 1721 793 1816 trigesimo
820 1721 1057 1815 quinto
1095 1721 1403 1814 Saporis,
1437 1723 1802 1794 Persarum
1837 1724 2053 1817 regis,
2095 1752 2132 1789 >2
2160 1722 2263 1794 Ad
2294 1725 2608 1797 eumdem

432 1837 720 1930 Saporis
788 1856 1039 1908 annum
1108 1835 1317 1908 refert
1382 1837 1714 1908 Homilias
1783 1836 2146 1910 duodecim
2214 1838 2602 1936 (XI-XXII),

428 1953 665 2026 verbis
691 1973 845 2046 quae
881 1972 1113 2044 supra,
1146 1972 1218 2044 p.
1254 1948 1376 2038 30,
1413 1951 1848 2024 recitavimus
1874 1950 1974 2050 (4).
2010 1954 2206 2037 Item,
2239 1955 2324 2025 ad
2351 1957 2607 2027 calcem

430 2071 946 2143 Dissertationis
982 2069 1066 2140 de
1089 2069 1309 2150 acino,
1344 2089 1591 2139 annum
1618 2068 1876 2140 indicat
1911 2070 2265 2163 regnantis
2293 2071 2602 2163 SaporiS,

432 2186 780 2279 simulque
812 2182 1034 2276 tangit
1067 2181 1486 2274 multiplices
1521 2185 1919 2256 vexationes
1951 2207 2120 2278 quas
2147 2185 2231 2256 ab
2260 2208 2342 2259 eo
2373 2187 2608 2259 Chris-

370 2284 380 2298 ⁸
432 2300 603 2373 tiani
629 2299 771 2391 jam
807 2296 1126 2391 perpessi
1164 2304 1357 2368 erant
1393 2297 1469 2391 (15)
1512 2321 1526 2369 :
1575 2325 1612 2362 «
1648 2298 2044 2370 Scribebam
2080 2300 2205 2371 tibi
2239 2305 2608 2392 Epistolam

433 2417 635 2499 hanc,
678 2410 1158 2493 carissime‚...
1202 2430 1382 2483 anno
1427 2412 1790 2505 trigesimo
1838 2421 2032 2486 sexto
2069 2415 2376 2507 Saporis,
2420 2419 2608 2511 regis

434 2531 825 2613 Persarum,
893 2527 1204 2619 ejusdem
1267 2526 1410 2619 qui,
1479 2528 1950 2621 quinquennio
2012 2530 2093 2601 ab
2164 2532 2608 2604 ecclesiarum

434 2647 794 2719 eversione
829 2646 1093 2737 elapso,
1138 2642 1694 2734 persecutionem
1739 2646 1987 2728 movit;
2038 2667 2120 2718 eo
2176 2648 2378 2718 etiam
2430 2669 2607 2722 anno

432 2785 572 2857 quo
608 2764 791 2836 edita
825 2763 953 2835 fuit
989 2769 1260 2853 strages
1307 2781 1552 2854 magna
1607 2771 1972 2857 martyrum
2028 2764 2097 2835 in
2153 2776 2330 2838 terra
2379 2769 2607 2839 orien-

431 2879 555 2950 tali
604 2877 708 2973 (6).
749 2907 785 2943 »
814 2876 1126 2970 Denique
1187 2877 1676 2948 Dium-tatione
1737 2879 1972 2970 quinta
2021 2880 2096 2973 (τ)
2145 2884 2297 2973 q'uae
2360 2893 2467 2953 est
2523 2883 2610 2954 de

431 3013 629 3083 bellis
663 3031 788 3082 seu
832 3012 1084 3101 puqnis
1119 2990 1377 3110 (ἰξυῖ-οε
1426 2993 1834 3109 ibam-02),
1874 3012 1985 3105 agi
2036 3011 2121 3084 de
2170 3013 2607 3104 expeditione

435 3133 738 3219 militari,
781 3154 819 3203 a
854 3134 1112 3226 Sapore
1157 3140 1397 3205 contra
1446 3135 1794 3206 Romanos
1838 3142 2070 3227 parata
2118 3143 2185 3207 et
2228 3156 2406 3208 anno
2462 3136 2604 3207 337

433 3247 707 3320 demum
768 3248 1107 3331 inchoata,
1174 3247 1233 3319 si
1298 3248 1456 3341 quis
1507 3269 1651 3318 rem
1713 3249 2113 3342 diligentius
2170 3251 2599 3344 expenderit,

484 3470 576 3568 it)
613 3499 685 3553 De
726 3494 892 3554 variis
931 3496 1122 3551 harum
1165 3497 1610 3565 persecutionum
1650 3500 1922 3570 adJunctis
1966 3500 2192 3557 consule
2223 3502 2411 3568 steph.
2438 3503 2604 3558 Evod.

435 3583 745 3735 ,ἒὲἰῖηἰωὲἰρ
761 3580 1271 3716 Αιιίἒαωδαηοεοναω
1317 3587 1628 3649 martyrum
1676 3585 2026 3640 orientalium
2071 3591 2121 3638 et
2169 3586 2605 3650 occidentalium,

506 3768 580 3832 (2)
614 3759 942 3830 Wrightius,
966 3775 1021 3828 p.
1058 3770 1226 3844 23-30
1274 3777 1432 3832 seqq.

506 3885 579 3948 (ὅ)
613 3881 935 3950 WrightiuS,
959 3893 1052 3947 pp.
1091 3889 1225 3962 Γ*
1259 3890 1315 3938 et
1353 3893 1510 3932 σι-Α.
1545 3916 1560 3931 .

506 4001 579 4064 (4)
614 3997 776 4062 ibid„
801 4012 894 4066 pp.
931 3996 1035 4051 »Δ
1078 4000 1135 4050 et
1165 3987 1346 4059 i-soz
1396 4029 1412 4045 .

509 4116 586 4180 (5)
621 4114 780 4180 mid„
806 4128 861 4182 p.
896 4115 1068 4187 μοι
1105 4139 1122 4157 ·

515 4199 582 4264 (6)
617 4201 688 4253 De
711 4198 875 4264 hujus
897 4197 1003 4253 loci
1029 4208 1194 4253 sensu
1218 4198 1395 4254 recole
1416 4209 1538 4266 quae
1560 4210 1684 4264 pag.
1715 4198 1797 4261 ¹8,
1826 4209 1921 4249 nn.
1967 4199 1987 4249 ¹
2035 4200 2089 4248 et
2123 4195 2176 4261 Ξ,
2211 4193 2599 4249 disseruimus.

512 4298 582 4361 (7)
623 4295 940 4365 Wrightius,
977 4313 1030 4366 p.
1087 4297 1253 4358 -ὓ-δ
1287 4311 1445 4365 ὃθίιίὶ·
