3175 5084
1509 419 1959 486 ..372-

641 610 847 682 Jesus
908 608 1497 681 manducationem
1554 609 1783 681 carnis
1843 632 1986 683 suae
2045 621 2114 682 et
2171 613 2594 705 potationem
2660 637 2821 686 san—

647 726 881 820 guinis
917 726 1024 798 sui
1064 727 1340 799 realem.

1660 905 1817 969 LVI.

739 1109 815 1178 ln
860 1097 1301 1181 Sacramento
1345 1108 1796 1182 Eucharistiae
1850 1131 2038 1196 vere,
2082 1110 2359 1184 realiter
2394 1120 2462 1184 et
2497 1112 2815 1186 substan·

641 1224 893 1298 tialiter
948 1225 1288 1298 contineri
1347 1247 1604 1319 corpus
1655 1236 1724 1298 et
1780 1227 2186 1322 sanguinem
2245 1228 2502 1301 Christi
2542 1231 2820 1303 Domini

639 1340 893 1414 invicte
949 1342 1280 1435 probatur
1334 1364 1413 1415 ex
1473 1342 1779 1436 propriis
1832 1343 2292 1417 institutionis
2343 1345 2603 1431 verbis,
2663 1369 2824 1440 quae

642 1456 853 1528 hahes
905 1456 1096 1528 Mati..
1163 1454 1405 1541 XXVI,
1474 1454 1733 1542 26-28;
1800 1459 2011 1532 Marc.
2066 1460 2246 1544 XIV,
2309 1457 2572 1545 22-24;
2639 1463 2814 1536 Luc.

637 1572 853 1658 XXII,
898 1569 1021 1658 19,
1064 1571 1193 1656 20;
1238 1575 1266 1643 1
1305 1573 1463 1646 Cor.
1509 1575 1631 1659 XI,
1675 1572 1796 1659 24,
1841 1573 1962 1648 25.
2704 1622 2713 1625 ψ

1631 1831 1821 1897 LVII.

736 2040 955 2112 Porro
1024 2060 1109 2111 ex
1176 2037 1424 2110 iisdem
1495 2036 1727 2110 verbis
1788 2037 2301 2111 demonstratur
2362 2039 2608 2113 modus
2679 2063 2821 2135 quo
2906 2098 2913 2105 .

639 2178 950 2249 praesens
1021 2156 1097 2228 fit
1159 2155 1478 2228 Christus
1550 2154 1619 2225 in
1692 2153 2163 2240 Eucharistia,
2238 2177 2365 2249 per
2434 2157 2809 2235 mirabilem

640 2273 909 2347 scilicet
945 2271 1468 2346 conversionem
1504 2271 1721 2344 totius
1754 2272 2158 2344 substantiae
2193 2273 2392 2365 panis
2420 2272 2491 2344 in
2528 2295 2803 2368 corpu8‚

640 2399 708 2462 et
747 2389 957 2462 [otius
993 2387 1399 2462 substantiae
1434 2387 1577 2463 viui
1617 2387 1684 2459 in
1744 2388 2154 2483 sanguinem
2190 2388 2366 2481 ejus,
2406 2411 2613 2483 quam
2651 2411 2820 2462 con·

637 2504 1029 2580 versionem
1066 2504 1402 2577 catholica
1438 2503 1751 2577 Ecclesia
1800 2503 2158 2597 aptissime
2203 2504 2820 2579 transsubstantia-

642 2622 900 2695 tionem
936 2622 1260 2716 appellat.

1623 2800 1848 2865 LVIII.

743 2987 976 3061 Realis
1039 2986 1428 3080 praesentiae
1489 2985 1740 3080 dogma
1803 2986 1921 3079 qui
1992 2986 2174 3057 inter
2238 2986 2454 3080 Syros
2522 2985 2821 3056 floruere

643 3104 1027 3197 scriptores
1089 3101 1544 3175 ecclesiastici
1609 3102 1778 3172 mira
1835 3100 2208 3173 concordia
2268 3099 2571 3172 tradunt.
2643 3099 2815 3173 Illud

645 3227 949 3304 tuentur,
1001 3228 1075 3289 ut
1126 3238 1385 3310 paucos
1440 3225 1700 3289 tantum
1754 3237 1836 3286 ex
1892 3216 2122 3287 multis
2177 3223 2394 3287 testes
2446 3215 2810 3308 appellem,

648 3333 1028 3428 Aphraates
1083 3341 1346 3415 noster,
1390 3333 1463 3404 S.
1506 3331 1939 3426 EphraemuS,
1982 3331 2354 3426 Cyrillona‚
2413 3330 2486 3400 S.
2546 3331 2821 3402 Isaacus

650 3451 967 3544 MagnuS,
1020 3448 1092 3521 S.
1141 3448 1441 3520 Jacobus
1501 3446 1938 3541 SarugensiS‚
1999 3447 2250 3518 Paulus
2304 3443 2703 3517 Edessenus
2755 3452 2825 3514 el.

650 3565 726 3637 S.
767 3566 1066 3636 Joannes
1103 3563 1290 3635 Maro
1326 3559 1429 3660 (1).

1643 3742 1806 3809 LIX.

753 3940 1013 4036 Nugari
1063 3937 1395 4013 censendi
1456 3946 1619 4009 sunt
1675 3937 2147 4008 Protcstantes
2211 3933 2339 4018 illi,
2390 3931 2537 4025 qui,
2577 3939 2652 4003 ut
2686 3932 2825 4006 vim

721 4138 797 4219 (ι’)
834 4155 1080 4220 Ipsorum
1123 4149 1433 4206 testimonia
1475 4148 1700 4204 collecta
1744 4147 1984 4215 reperies
2024 4160 2113 4213 ap.
2154 4146 2249 4199 Th.
2294 4146 2478 4211 Lamy‚
2505 4142 2732 4196 Discere.
2760 4143 2828 4193 de

654 4239 918 4304 Syrorum
942 4236 1047 4303 fide
1071 4241 1121 4289 et
1143 4235 1435 4301 disciplina
1458 4235 1517 4288 in
1545 4246 1604 4286 re
1629 4233 2030 4297 Euam-istim,
2056 4243 2177 4298 pag.
2208 4231 2381 4283 18-30.
2405 4226 2648 4290 Lovanii,
2673 4225 2819 4279 1859.
