3175 5084
1273 455 1684 523 ...53-

391 665 617 739 usque
675 645 757 718 ad
812 642 1080 717 initium
1145 665 1300 718 aerae
1363 642 1757 718 Graecorum
1819 652 1979 717 sunt
2040 641 2273 729 4901;
2340 655 2410 717 et
2469 649 2550 719 ab

391 758 655 832 Adamo
715 780 934 854 usque
995 759 1078 832 ad
1133 780 1382 832 annum
1442 760 1624 832 hunc
1686 756 1878 831 1025
1941 758 2331 834 Graecorum
2394 771 2555 836 sunt

391 875 555 948 anni
592 872 813 962 5926,
856 875 947 948 ita
982 884 1056 948 ut
1090 874 1172 949 ad
1209 896 1330 948 sex
1358 895 1695 948 annorum
1747 875 1957 947 millia
2012 873 2104 947 74
2158 877 2317 950 anni
2368 878 2552 952 desi·

394 991 749 1065 derentur.

498 1105 833 1194 Quaesivit
865 1105 1149 1200 iusuper
1176 1106 1593 1181 Fraternitas
1627 1114 1767 1193 tua,
1802 1128 2014 1201 quare
2048 1129 2184 1183 non
2222 1112 2563 1184 monuerit

395 1220 724 1293 Noachus
773 1226 1159 1293 coaetaneos
1211 1241 1379 1293 suos
1431 1241 1516 1293 ne
1561 1219 1998 1295 simulacrum
2061 1222 2401 1316 Cainanis,
2438 1225 2563 1296 filii

397 1335 754 1429 Arphaxar
787 1331 891 1433 (1),
932 1343 1458 1420 venerarentur;
1493 1356 1703 1430 quare
1739 1336 1982 1409 Semus
2016 1337 2217 1412 etiam
2252 1339 2564 1412 homines

352 1451 872 1546 ·geu‘erationis
933 1472 1076 1524 suae
1141 1451 1225 1522 ab
1290 1451 1495 1523 idolis
1557 1449 1868 1524 colendis
1933 1471 2069 1523 non
2131 1453 2563 1526 deterruerit.

405 1567 604 1655 Quod
662 1567 874 1661 igitur
925 1566 1166 1640 attinet
1227 1566 1309 1638 ad
1362 1565 1528 1638 illud
1592 1566 1980 1661 quaesitum,
2039 1576 2113 1640 ut
2164 1589 2386 1662 neque
2438 1569 2571 1642 hoc

404 1681 667 1775 absque
729 1701 1067 1775 responso
1127 1680 1580 1775 relinquatur,
1632 1681 1870 1773 paucis
1914 1682 1977 1755 ei
2039 1683 2565 1777 respondemus,

406 1800 501 1872 ita
557 1800 720 1872 illos
780 1800 1012 1895 egisse
1072 1808 1353 1896 propter
1410 1800 1794 1873 libertatem
1852 1809 1921 1873 et
1979 1801 2334 1874 arbitrium
2388 1803 2572 1896 quod

405 1918 594 1990 Deus
630 1917 1054 2012 generationi
1090 1917 1218 2002 illi,
1253 1917 1432 1990 sicut
1461 1925 1528 1991 et
1562 1916 1802 2012 generi
1838 1917 2157 2003 humano,
2190 1920 2565 2005 concessit,

407 2039 480 2104 et
512 2052 639 2125 per
664 2030 849 2126 quod
878 2033 1106 2116 homo,
1142 2040 1347 2125 prout
1379 2030 1678 2117 vult‚vel
1708 2039 1972 2124 peccat,
1997 2033 2105 2105 vel
2122 2032 2562 2125 justificatur.

410 2148 511 2217 Ex
550 2147 674 2218 hac
709 2146 1022 2219 libertate
1054 2147 1302 2219 factum
1342 2154 1509 2231 erat,
1557 2152 1631 2217 ut
1667 2166 1888 2240 neque
1944 2146 2124 2218 intra
2179 2144 2321 2217 100
2358 2169 2584 2223 annos

411 2260 532 2355 qui
591 2260 920 2339 diluvium
979 2281 1429 2354 praecessere,
1470 2260 1809 2345 homineS,
1853 2261 2162 2355 quamvis
2224 2262 2573 2334 Noachum

412 2376 664 2449 cedros
725 2376 1181 2448 dissecantem
1246 2382 1995 2471 coagmentantemque‚
2038 2383 2105 2449 et
2159 2397 2406 2461 arcam,
2447 2400 2580 2470 qua

414 2493 818 2577 salvaretur,
847 2492 1324 2565 conficientem
1348 2492 1687 2578 viderent,
1721 2493 2117 2586 poenitentia
2145 2501 2580 2565 moverentur

415 2618 487 2678 et
521 2629 559 2677 a
592 2607 781 2679 vitiis
828 2606 1046 2678 aetatis
1097 2606 1281 2678 illius
1330 2607 1859 2700 resipiscerent;
1903 2616 1994 2692 at,
2060 2616 2235 2680 teste
2290 2607 2581 2678 Domino

417 2732 688 2806 nostro,
728 2733 925 2795 erant
960 2724 1370 2796 comedentes
1398 2734 1463 2794 et
1499 2724 1820 2808 bibentes,
1860 2725 2185 2794 nubentes
2218 2734 2284 2793 et
2333 2725 2583 2812 nuptui

415 2837 789 2923 tradentes,
844 2839 1050 2910 donec
1098 2840 1282 2909 venit
1331 2838 1674 2909 diluvium
1725 2849 1789 2909 ct
1837 2838 2137 2927 perdidit
2187 2858 2412 2908 omncs
2472 2837 2576 2931 (a).

422 2953 752 3026 Similiter
787 2963 947 3047 post
980 2953 1308 3026 diluvium
1358 2972 1580 3046 neque
1644 2951 1894 3024 Cainan
1932 2953 2072 3036 ille,
2119 2973 2321 3045 quem
2357 2952 2583 3023 ferunt

423 3069 914 3141 incantatorem
967 3068 1300 3140 famosum
1353 3089 1432 3141 ac
1484 3067 1791 3161 iniquum
1844 3067 2060 3139 fuisse
2107 3076 2177 3139 et
2222 3075 2585 3161 propterea

422 3183 836 3267 deificatum,
874 3203 1096 3277 neque
1133 3203 1372 3255 omnes
1412 3182 1740 3255 coaetanei
1784 3182 2042 3255 Noachi
2079 3190 2144 3255 et
2182 3181 2390 3266 Semi,
2416 3181 2475 3253 si
2511 3180 2587 3274 (3)

424 3299 506 3370 ab
542 3300 651 3369 his
688 3297 1016 3371 admoniti
1053 3306 1314 3382 essent,
1357 3319 1439 3371 eo
1475 3298 1771 3371 fuissent
1809 3296 2085 3371 adducti
2124 3304 2261 3370 uta
2286 3295 2589 3390 peccatis

426 3420 799 3486 cessarent.

527 3529 946 3622 Quamquam
1001 3528 1178 3600 haud
1234 3526 1698 3623 spernendum
1759 3528 1850 3601 sit
1885 3528 2069 3622 quod
2105 3525 2421 3611 traditur,
2467 3527 2585 3596 Sa-

434 3785 714 3854 ulem-gius,
757 3784 963 3841 idolum
1019 3790 1138 3840 erat
1187 3785 1593 3850 Chaldaeorum,
1629 3789 1689 3838 ut
1735 3791 1920 3838 narrat
1962 3786 2016 3837 S.
2066 3784 2384 3850 Ephraemus
2430 3782 2591 3849 (opp.

434 3875 564 3924 tom.
613 3871 659 3933 1,
705 3883 802 3935 pp.
848 3870 944 3923 ¹56
986 3875 1041 3923 et
1085 3871 1218 3934 ¹57).
1267 3868 1419 3935 Quod
1450 3868 1607 3921 addit
1648 3867 1931 3936 Georgius,
1977 3867 2163 3921 fictum
2209 3865 2344 3919 illud
2393 3878 2595 3918 numen

436 3951 756 4019 Arphaxaris
780 3949 953 4005 fllium
980 3950 1170 4017 fuisse,
1204 3965 1271 4007 ex
1304 3950 1558 4007 versione
1593 3952 1717 4004 Lxx
1751 3954 2133 4018 Inter-premnt,
2167 3948 2363 4004 Gener.
2398 3949 2485 4012 xl,
2513 3949 2597 4013 ¹2,

436 4036 620 4105 utique
641 4036 1025 4103 desumpserit.

501 4121 573 4185 (a)
590 4105 759 4175 Mau.
787 4119 958 4183 xxiv,
981 4120 1068 4172 se.

505 4223 580 4282 (3)
617 4249 666 4267 ···
685 4225 721 4261 0
749 4205 816 4278 bt
859 4206 925 4297 Q,
949 4218 1180 4274 etiamsi.
1210 4220 1334 4273 llaec
1357 4224 1442 4273 est
1466 4217 1587 4285 ipsa
1611 4217 1776 4274 dictio
1801 4220 1982 4273 Graeca
2010 4232 2022 4269 ε
2070 4209 2114 4265 u’
2143 4198 2246 4283 ἆραι
2280 4199 2398 4267 καί.
