3175 5084
1246 508 1652 573 ...71-

373 696 675 790 Syriacae
736 696 1010 766 Patrum
1080 715 1371 789 quorum
1437 715 1649 788 opera
1715 696 1800 766 ad
1868 716 1995 768 nos
2070 696 2540 788 pervenerint;

375 813 560 885 unde
610 811 836 904 primo
887 811 1115 882 statim
1169 810 1419 883 intuitu
1473 820 1661 904 patet
1730 820 1983 905 quanto
2034 813 2103 883 in
2157 811 2380 904 pretio
2433 814 2549 883 ha—

378 927 603 1001 benda
661 928 804 1000 sint
862 926 1011 1020 ejus
1066 926 1351 1019 scripta,
1409 927 1594 1020 quod
1647 928 1889 1000 attinet
1940 926 2025 999 ad
2078 927 2545 1020 cognitionem

376 1043 714 1117 doctrinae
773 1053 841 1116 et
897 1042 1284 1135 disciplinae
1339 1062 1492 1135 quae
1551 1042 1711 1114 inde
1768 1043 1911 1114 fere
1969 1043 2053 1115 ab
2114 1042 2310 1115 initio
2373 1043 2552 1115 inter

379 1158 811 1233 Christianos
847 1158 1064 1253 Syriae
1100 1166 1395 1250 receptae
1423 1157 1703 1235 fuerint.
1743 1157 2025 1231 Veritati
2062 1164 2285 1231 autem
2334 1159 2548 1230 histo·

377 1275 543 1346 ricae
597 1294 970 1347 consonam
1025 1293 1184 1345 esse
1240 1272 1423 1345 illam
1475 1273 1561 1345 de
1615 1270 1979 1366 Aphraatis
2013 1281 2352 1347 vetustate
2386 1294 2551 1347 con·

380 1391 766 1465 elusionem
801 1389 982 1462 facili
1021 1389 1298 1484 negotio
1330 1388 1717 1462 conficitur.

483 1506 637 1577 Non
675 1513 782 1577 est
816 1526 941 1577 cur
972 1504 1059 1576 de
1094 1504 1182 1576 iis
1234 1504 1631 1576 auctoribus
1676 1505 2089 1577 mentionem
2134 1505 2247 1578 hic
2282 1505 2550 1599 ingera-

381 1643 562 1705 muS,
631 1621 750 1714 qui
817 1621 1091 1693 Sacram
1160 1621 1582 1712 Scripturam
1643 1620 2002 1713 utriusque
2070 1620 2352 1694 foederis
2410 1620 2551 1713 jam

378 1743 694 1828 tempore
751 1734 943 1808 Adaei
1000 1734 1329 1828 Apostoli‘
1377 1736 1644 1829 syriace
1695 1735 1987 1807 vertisse
2046 1735 2367 1809 dicuntur
2434 1734 2544 1830 (ι),

381 1873 538 1925 cum
601 1853 860 1933 nullum
923 1851 1031 1924 sui
1092 1850 1354 1945 ingenii
1401 1850 1638 1922 foetum
1694 1850 1811 1922 isti
1870 1850 2236 1923 ediderint.
2289 1853 2433 1923 Nec
2481 1853 2551 1922 in

381 1968 962 2060 computationem
1015 1967 1201 2040 venit
1250 1966 1701 2050 BardesaneS‚
1745 1974 1948 2057 poeta
1999 1967 2254 2039 saeculo
2295 1967 2355 2035 ΙΙ
2415 1969 2553 2039 vol-

379 2094 586 2157 vente
616 2085 716 2155 ‘in
780 2085 1274 2177 Mesopotamia
1331 2085 1635 2156 famosus
1686 2093 1753 2155 et
1814 2084 2076 2176 primus
2138 2082 2552 2175 scriptorum

385 2201 715 2292 Syrorum
752 2221 1039 2292 quorum
1075 2210 1239 2280 aetas
1274 2209 1465 2272 certo
1492 2199 1764 2271 definiri
1792 2199 2016 2297 possit
2049 2224 2063 2270 ε
2100 2204 2551 2290 praeterquam

385 2315 570 2386 enim
620 2313 833 2406 quod,
877 2314 1357 2387 Gnosticorum
1408 2335 1681 2386 errores
1735 2314 2110 2406 amplexus,
2151 2333 2271 2385 eos
2315 2313 2554 2384 carmi-

386 2429 593 2500 nibus
631 2428 777 2500 suis
814 2428 1103 2500 effutivit
1138 2450 1216 2500 ac
1251 2428 1542 2520 proinde
1578 2428 1765 2500 omni
1815 2449 2104 2520 prorsus
2156 2427 2556 2500 auctoritate

386 2566 623 2617 carere
660 2543 994 2617 dicendus
1031 2553 1162 2629 est,
1206 2546 1466 2616 nullum
1511 2565 1797 2637 operum
1846 2545 2066 2636 ipsius
2105 2545 2555 2637 fragmentum

386 2659 458 2730 in
526 2668 716 2731 textu
777 2656 1193 2755 primigenio
1254 2679 1625 2751 superesse
1685 2659 1983 2730 videtur.
2052 2658 2267 2730 Misso
2327 2659 2557 2749 itaque

388 2775 803 2858 Bardesane,
846 2775 916 2845 in
951 2772 1411 2846 Aramaeorum
1448 2774 1734 2846 historia
1771 2774 2098 2846 litteraria
2126 2783 2281 2845 ante
2316 2793 2557 2844 omncs

389 2891 564 2963 alios
602 2890 804 2962 nobis
840 2900 1209 2962 occurrunt
1245 2890 1318 2984 (2)
1358 2891 1428 2962 S.
1492 2890 1772 2961 Simeon
1809 2889 2179 2971 Barsaboe‚
2228 2888 2558 2962 Seleuciae

391 3017 461 3080 et
516 3005 986 3097 Ctesiphontis
1037 3006 1455 3097 EpiscopuS,
1506 3013 1576 3075 et
1627 3004 1699 3075 S.
1744 3004 2077 3086 MilleseS,
2120 3003 2315 3075 Susae
2364 3003 2558 3075 Anti-

392 3132 565 3206 stes,
634 3120 752 3214 qui
809 3120 1013 3192 fidem
1063 3121 1261 3192 ambo
1324 3119 1659 3213 sanguine
1710 3119 2162 3212 obsignarunt
2210 3119 2279 3190 in
2323 3140 2559 3213 perse·

393 3237 673 3308 cutione
747 3234 1063 3327 Saporis;
1128 3234 1255 3306 sed
1323 3254 1479 3306 cum
1541 3234 1734 3325 prior
1800 3237 2163 3324 Epistola-3,
2228 3237 2564 3326 Epistolas

395 3353 566 3423 alter
619 3356 689 3421 et
740 3350 1085 3420 Semnones
1133 3347 1614 3440 composuisse
1665 3347 1748 3418 ab
1792 3347 2187 3420 Ebed-Jesu
2223 3345 2297 3447 (3)
2330 3351 2562 3442 perhi-

400 3467 675 3549 beatur,
738 3471 990 3557 praeter
1052 3462 1393 3534 Simeonis
1453 3465 1795 3556 Hymnum
1850 3463 1934 3534 ab
1983 3463 2339 3537 Overbeck
2390 3486 2566 3536 anno

401 3578 593 3652 1865
632 3567 896 3651 ⁶editum
935 3576 1037 3672 (4),
1079 3577 1305 3649 omnia
1352 3598 1588 3649 eorum
1645 3578 1903 3670 scripta
1940 3586 2054 3650 aut
2106 3578 2349 3672 injuria
2393 3588 2564 3653 tem·

401 3717 644 3790 porum
719 3693 1013 3787 periere,
1080 3701 1195 3764 aut
1265 3692 1520 3765 nemini
1576 3692 1935 3766 innotuere
2002 3692 2248 3768 adhuc.
2316 3696 2569 3770 Eadem

472 3962 543 4023 (1)
577 3900 697 4012 ct'r.X
715 3957 1007 4021 AhbelooS‚
1034 3958 1116 4010 De
1140 3958 1258 4012 vita
1287 3962 1337 4009 et
1357 3956 1579 4021 scriptis
1602 3957 1665 4011 S.
1690 3956 1878 4011 Iacchi
1899 3957 2243 4024 sarzanensis,
2267 3972 2323 4025 p.
2360 3961 2390 4010 7
2416 3937 2569 4024 sequ.

473 4044 545 4109 (2)
580 4042 796 4097 Vidcsis
819 4045 878 4096 B.
904 4045 965 4096 Ο.
996 4045 1037 4106 1,
1063 4056 1159 4109 pp.
1187 4042 1322 4094 1-24.

474 4129 550 4191 (5)
587 4129 646 4180 lu
674 4126 927 4194 Gataloao
951 4131 1279 4191 scriptorum
1301 4124 1583 4191 Syrorum.

475 4212 546 4274 (4)
584 4210 641 4264 S.
672 4208 959 4275 Ephroemi
980 4209 1130 4275 syri,
1156 4207 1411 4273 Rabuloe,
1437 4206 1694 4273 Episcopi
1718 4207 1997 4272 Edessena
2039 4208 2208 4263 Batoei
2240 4206 2576 4272 actorumque

409 4305 569 4358 opera
592 4295 780 4347 selecta
793 4308 819 4357 ‚⁷
838 4290 1058 4358 oxonii,
1082 4293 1232 4346 0865.
1259 4290 1365 4346 cfr.
1388 4304 1510 4358 pag.
1539 4291 1654 4344 424.
