3175 5084
1535 470 1979 535 ..304-

663 655 1025 732 adventum
1062 657 1219 730 Filii
1253 657 1428 753 ejuS,
1470 668 1542 732 et
1592 678 1720 753 per
1771 657 1976 732 fldem
2027 658 2458 735 constituunt
2500 661 2571 733 in
2603 660 2833 735 cordi-

662 774 789 849 bus
826 776 973 850 suis
1009 776 1340 872 Spiritum
1374 775 1527 862 Dei,
1566 775 1636 847 hi
1690 777 1862 849 tales
1890 777 2078 869 juste
2131 776 2444 851 homines
2478 778 2823 865 dicentur,

657 902 726 966 et
762 893 1021 980 mundi,
1062 902 1131 967 et
1166 893 1587 988 spirituales»,
1629 900 1699 966 et
1751 893 2059 967 viventes
2112 894 2256 967 Deo
2298 919 2314 967 ε
2359 895 2519 990 quia
2573 895 2825 969 habent

609 1066 614 1073 .
655 1009 985 1104 Spiritum
1021 1010 1267 1096 Patris,
1327 1011 1446 1106 qui
1499 1011 1822 1084 emundat
1869 1011 2214 1084 hominem
2269 1020 2339 1085 et
2388 1012 2697 1086 sublevat
2750 1014 2821 1085 in

651 1126 859 1200 Vitam
895 1127 1047 1201 Dei.
1096 1157 1134 1194 >2

749 1243 960 1315 Paulo
1017 1251 1192 1336 -post
1258 1242 1634 1338 exponitur
1700 1242 2049 1338 quomodo
2119 1245 2327 1317 homo
2395 1251 2711 1319 terrenus
2780 1268 2822 1318 a

650 1357 909 1451 Spiritu
946 1358 1071 1432 Dei
1127 1358 1603 1447 absorbeatur,
1637 1358 2163 1432 transformetur
2216 1381 2297 1432 ac
2348 1360 2557 1433 veluti
2609 1361 2820 1455 spiri·

645 1474 849 1548 tualis
899 1473 1232 1549 efficiatur
1285 1473 1363 1570 (1)
1420 1500 1436 1546 z
1482 1505 1518 1541 «
1554 1474 1926 1549 Infirmitas
1975 1476 2159 1549 enim
2211 1476 2441 1551 carnis
2492 1477 2817 1572 absorpta

643 1599 992 1685 potentem
1028 1592 1331 1665 ostendit
1370 1592 1726 1687 spiritum;
1784 1593 2073 1687 spiritus
2126 1603 2350 1667 autem
2403 1616 2643 1669 rursus
2694 1596 2815 1667 ab·

642 1710 935 1783 sorbens
1003 1709 1493 1795 infirmitatem,
1559 1709 1958 1783 haereditate
2013 1711 2337 1804 possidet
2400 1733 2672 1784 carnem
2742 1712 2815 1784 in

641 1847 718 1899 se
783 1851 799 1899 ε
868 1836 937 1901 et
993 1849 1077 1901 ex
1136 1826 1448 1922 utrisque
1508 1825 1731 1899 factus
1790 1834 1898 1898 est
1958 1825 2197 1899 vivens
2259 1827 2499 1914 bom03
2572 1826 2813 1900 vivens

639 1942 916 2035 quidem
972 1948 1256 2038 propter
1306 1941 1901 2036 participationem
1955 1941 2276 2036 Spiritus,
2305 1942 2531 2015 homo
2583 1952 2810 2016 autem

638 2068 921 2153 propter
954 2059 1406 2133 substantiam
1441 2059 1695 2131 earnis.
1740 2057 1958 2153 Igitur
1994 2079 2151 2131 caro
2189 2058 2340 2131 sine
2385 2059 2643 2152 Spiritu
2681 2058 2806 2132 Dei

637 2182 900 2247 mortua
950 2183 1094 2260 est;
1138 2196 1276 2247 non
1329 2175 1591 2246 habens
1642 2174 1874 2257 vitam,
1918 2194 2206 2268 regnum
2262 2173 2385 2246 Dei
2440 2174 2806 2266 possidere

634 2310 770 2361 non
822 2299 1053 2386 potest
1093 2315 1107 2362 :
1163 2289 1449 2384 sanguis
1502 2289 1945 2373 irrationalis,
2001 2291 2188 2361 velut
2238 2311 2411 2385 aqua
2465 2289 2677 2363 effusa
2732 2290 2803 2362 in

632 2414 905 2480 terram.
962 2409 1046 2479 Et
1098 2416 1384 2502 propter
1438 2407 1570 2478 hoc
1621 2406 1716 2478 ait
1752 2404 1828 2500 (2)
1870 2431 1885 2476 ε
1932 2408 2170 2492 Qualis
2226 2417 2567 2490 terrenus,
2620 2410 2802 2480 tales

629 2524 905 2596 terreni.
978 2522 1111 2596 Ubi
1161 2529 1394 2594 autem*
1439 2520 1739 2614 Spiritus
1784 2521 2035 2604 Patris,
2104 2520 2199 2592 ibi
2262 2523 2466 2594 homo
2528 2522 2795 2621 vivenS‚

626 2639 908 2732 sanguis
960 2637 1311 2710 rationalis
1347 2636 1430 2708 ad
1467 2636 1797 2708 ultionem
1834 2658 1871 2708 a
1909 2636 2050 2708 Deo
2103 2636 2516 2719 custoditu3‚
2555 2658 2717 2709 caro
2753 2659 2793 2710 a

475 2826 500 2837 ,
625 2754 874 2847 spiritu
923 2773 1281 2848 possessa,
1336 2753 1549 2825 oblita
1597 2752 1873 2847 quidem
1930 2752 2066 2836 sui,
2122 2752 2515 2846 qualitatem
2564 2763 2791 2826 autem

623 2868 921 2962 Spiritus
957 2890 1341 2955 assumens»,
1382 2869 1970 2942 conformisssfacta
2003 2868 2226 2942 Verbo
2265 2868 2413 2943 Dei.
2463 2871 2548 2941 Et
2579 2890 2793 2963 prop·

622 2992 805 3059 terea
852 2986 948 3059 ait
996 2983 1071 3085 (a)
1131 3010 1145 3057 :
1204 2989 1394 3059 Sicut
1441 2989 1867 3079 portavimus
1917 2988 2279 3076 imaginem
2331 2987 2479 3076 ejus
2532 2989 2654 3080 qui
2709 2988 2795 3059 de

618 3110 804 3174 terra
852 3113 981 3188 est,
1025 3113 1371 3194 portemus
1412 3112 1480 3175 et
1524 3104 1893 3197 imaginem
1945 3104 2095 3192 ejus
2136 3104 2257 3193 qui
2307 3102 2393 3174 de
2442 3103 2601 3173 coelo
2649 3112 2783 3173 est.

619 3217 795 3304 Quid
831 3227 939 3290 est
972 3238 1142 3312 ergo
1170 3217 1558 3290 terrenum?
1611 3218 1904 3291 Plasma.
1951 3217 2128 3306 Quid
2180 3223 2404 3289 autem
2457 3217 2786 3290 coeleste?

617 3332 941 3427 Spiritus:
986 3334 1178 3407 Sicut
1229 3333 1464 3429 igitur,
1506 3333 1627 3418 ait,
1668 3334 1819 3406 sine
1871 3333 2130 3428 Spiritu
2186 3333 2449 3406 coelesti
2496 3354 2781 3405 eonver-

613 3447 743 3520 sati
779 3471 1015 3522 sumus
1051 3450 1415 3543 aliquando
1452 3450 1521 3520 in
1559 3456 1896 3522 vetustate
1931 3448 2184 3540 carnis,
2212 3469 2348 3520 non
2376 3448 2780 3521 obedientes

613 3565 755 3637 Deo
810 3590 825 3636 :
881 3566 984 3638 sic
1032 3588 1212 3639 nunc
1260 3565 1682 3660 accipientes
1728 3565 2084 3660 Spiritum,
2144 3565 2211 3635 in
2264 3565 2562 3638 novitate
2617 3556 2776 3637 vitae

606 3680 1057 3766 ambulemus,
1101 3682 1505 3755 obedientes
1536 3683 1707 3755 Dec.
1754 3709 1789 3745 »

705 3798 914 3871 Hisce
949 3818 1254 3871 consona
1287 3797 1759 3893 compluribus
1812 3796 1881 3868 in
1937 3797 2112 3869 locis
2157 3795 2366 3870 tradit
2401 3795 2765 3891 Origenes.

668 4051 742 4116 (l)
776 4049 972 4118 Migne,
996 4050 1208 4104 Patr-oc.
1232 4050 1406 4105 Groec.
1435 4057 1472 4104 t.
1500 4051 1615 4114 Vll,
1642 4049 1745 4103 col.
1780 4051 1927 4104 1145.

664 4133 737 4198 (2)
773 4132 1058 4189 lcorinth.
1090 4135 1195 4199 xv,
1222 4135 1307 4188 ⁴8.

666 4218 738 4279 (δ)
775 4215 936 4284 1ὴίᾱ.,
963 4232 1013 4272 v.
1041 4219 1124 4270 49.
