3175 5084
1464 455 2053 522 -320-2

606 669 734 739 per
758 646 1084 739 populum
1116 645 1237 735 qui
1269 644 1402 713 no'n
1432 651 1537 713 est
1566 643 1890 733 populus,
1928 651 1997 714 et
2026 662 2153 734 per
2194 653 2456 734 pentem
2491 645 2782 718 stultam

608 764 895 833 irritabo
946 781 1083 831 vos.
1142 758 1344 829 Pater
1392 764 1633 829 noster
1676 757 2003 841 Jacobu3‚
2063 779 2273 851 quum
2318 758 2516 832 Judae
2565 759 2781 833 bene·

607 877 895 961 diceret,
937 876 1068 948 boc
1102 874 1191 946 de
1224 873 1550 968 gentibus
1602 873 1873 945 effatum
1924 875 2213 966 protulit
2245 871 2324 973 (1)
2366 899 2381 945 ε
2424 878 2568 951 Non
2610 877 2778 965 desi·

606 998 739 1066 ciet
780 1003 1135 1087 sceptrum
1169 992 1254 1062 de
1300 991 1481 1062 Juda
1538 1009 1754 1081 neque
1812 993 2153 1082 expositor
2197 992 2282 1062 de
2323 993 2541 1082 stirpe
2596 993 2770 1082 ejus,

603 1113 810 1182 donec
860 1111 1090 1180 veniat
1139 1108 1258 1178 ille
1306 1103 1506 1199 cujus
1566 1115 1668 1176 est
1727 1126 2012 1195 regnum
2061 1117 2132 1178 et
2180 1109 2255 1178 in
2303 1127 2503 1197 quem
2546 1117 2778 1199 qentes

602 1227 995 1315 sperabunt.
1056 1223 1269 1294 isaias
1321 1242 1598 1314 quoque
1651 1221 1822 1293 dixit
1857 1218 1932 1318 (a)
1983 1246 1998 1293 :
2055 1225 2354 1295 Paratus
2403 1226 2537 1295 erit
2586 1244 2775 1296 mons

599 1340 839 1411 domus
877 1339 1140 1409 Domini
1175 1339 1249 1406 in
1283 1338 1533 1407 vertice
1566 1338 1924 1420 montium,
1965 1338 2296 1409 excelsior
2326 1340 2460 1410 erit
2493 1339 2772 1409 collibus
2892 1374 2899 1378 ·

597 1464 666 1524 et
724 1455 816 1523 ad
871 1472 1026 1523 eum
1084 1451 1421 1538 confluent
1483 1452 1826 1520 universoe
1871 1461 2130 1542 pentes.
2188 1452 2432 1540 Populi
2485 1452 2687 1522 multi
2736 1472 2773 1524 e

597 1570 983 1660 reqionibus
1018 1567 1402 1656 longinquis
1437 1565 1821 1648 advenient,
1863 1566 2163 1643 dicentes
2193 1591 2212 1636 .·
2255 1568 2504 1646 Venite,
2540 1576 2772 1638 ascen-

595 1684 843 1755 damus
902 1686 976 1754 in
1037 1693 1327 1753 montem
1386 1682 1656 1750 Domini
1716 1691 1784 1752 et
1841 1681 1935 1752 ad
1992 1682 2264 1753 domum
2324 1683 2448 1752 Dei
2513 1684 2761 1756 Jacobi.

596 1800 864 1869 Docebit
918 1817 1040 1867 nos
1086 1798 1235 1865 vias
1284 1814 1453 1864 suas
1498 1805 1564 1864 et
1612 1796 1686 1863 in
1732 1797 1992 1866 semitis
2040 1796 2190 1884 ejus
2243 1796 2764 1879 ambulabimus,

593 1916 911 2003 quoniam
960 1933 1050 1983 esc
1090 1912 1248 1981 Sion
1294 1911 1509 1980 exibit
1562 1911 1677 1979 lea:
1727 1919 1794 1980 et
1842 1931 1931 1981 ex
1981 1911 2444 2001 Hierosolyma
2494 1914 2768 1985 verbum

593 2030 885 2100 Domini.
952 2028 1294 2101 Iudicabit
1336 2027 1621 2116 populos
1670 2037 1737 2097 et
1788 2038 2014 2098 omnes
2072 2008 2304 2120 qentes
2364 2030 2765 2120 lonqinquas

592 2155 861 2235 arquet.
931 2143 1098 2213 Cum
1159 2149 1388 2212 autem
1456 2160 1573 2211 eas
1619 2141 2042 2230 judicaverit
2099 2153 2165 2212 et
2224 2140 2759 2234 reprehenderit,

590 2255 1067 2330 correctionem
1098 2258 1454 2345 accipient,
1492 2259 2121 2328 reconciliabuntur
2168 2266 2236 2328 et
2285 2269 2766 2330 convertentur

588 2397 634 2444 a
701 2376 959 2446 duritie
1022 2394 1179 2444 sua.
1248 2372 1522 2444 Gladios
1587 2394 1746 2443 suos
1813 2371 2193 2467 confractos
2263 2376 2624 2446 mutabunt
2685 2378 2761 2446 in

588 2486 882 2560 vomeres
916 2499 981 2559 et
1016 2489 1290 2559 lanceas
1340 2507 1504 2555 suas
1547 2488 1624 2555 in
1653 2488 1894 2573 falces.
1936 2489 2260 2577 Deinceps
2295 2507 2428 2570 non
2464 2499 2766 2560 assumet

585 2605 894 2693 qladium
951 2624 1116 2694 qens
1174 2601 1504 2673 adversus
1564 2612 1857 2692 pentem,
1923 2621 2139 2692 neque
2184 2603 2491 2674 bellandi
2542 2615 2761 2676 artem

584 2720 960 2790 addiscent.
1009 2717 1274 2790 Revera
1308 2716 1546 2809 populi
1581 2717 1699 2809 qui
1734 2710 1948 2788 Deum
1995 2717 2429 2810 ignorabant,
2472 2718 2752 2812 gladiiS,

584 2835 842 2906 lanceis
904 2844 970 2906 et
1024 2833 1240 2905 hastis
1300 2854 1456 2903 cum
1516 2833 2055 2924 oppressoribus
2110 2841 2313 2926 atque
2364 2834 2758 2926 raptoribus

584 2950 748 3021 olim
817 2948 1247 3042 pugnabant;
1324 2946 1642 3018 Christus
1712 2955 1937 3018 autem
2007 2947 2316 3018 Salvator
2383 2947 2755 3020 adveniens

582 3087 813 3136 arcum
852 3064 1169 3135 bellicum
1200 3063 1567 3156 confregit,
1606 3084 1843 3154 pacem
1870 3062 2265 3134 nationibus
2300 3063 2748 3147 annuntiavit,

579 3202 659 3251 ex
700 3179 950 3273 gladiis
985 3200 1215 3251 earum
1251 3177 1575 3250 conflavit
1609 3199 1947 3261 vomereS‚
1990 3178 2402 3270 lanceasque
2433 3177 2503 3248 in
2540 3177 2750 3253 falces

578 3293 943 3377 convertit,
980 3301 1056 3364 ut
1090 3293 1323 3364 labore
1359 3313 1679 3363 manuum
1715 3312 2018 3382 suarum,
2063 3312 2198 3362 non
2236 3291 2500 3383 rapinis
2543 3291 2749 3364 vitam

576 3417 1062 3480 sustentarent.
1099 3448 1192 3461 —
1230 3409 1574 3501 Scriptum
1611 3408 1815 3479 etiam
1851 3417 1960 3480 est
1989 3408 2064 3501 (a)
2099 3432 2113 3478 :
2148 3408 2449 3480 Reddam
2482 3411 2749 3500 populis

576 3527 832 3596 labium
865 3528 1175 3609 electum,
1215 3535 1296 3596 ut
1328 3528 1636 3597 invocent
1668 3547 1896 3596 omnes
1930 3546 2170 3598 nomen
2204 3527 2496 3598 Domini.
2533 3525 2750 3598 Antea

574 3639 834 3733 quippe
869 3661 1091 3733 neque
1125 3648 1320 3712 erant
1352 3642 1679 3734 gentibus
1728 3641 1906 3713 labia
1955 3643 2196 3728 electa,
2234 3661 2458 3734 neque
2496 3662 2745 3716 nomen

574 3754 845 3825 Domini
882 3753 1321 3838 invocabant;
1379 3775 1616 3826 verum
1668 3755 1870 3828 labiis
1905 3756 2054 3828 suis
2090 3755 2529 3828 celebrabant
2563 3755 2746 3829 idola

572 3890 726 3960 quae
762 3869 1066 3962 ipsarum
1104 3889 1342 3940 manus
1379 3868 1706 3952 fecerant,
1750 3879 1841 3958 et,
1881 3869 2130 3943 nedum
2184 3890 2434 3942 nomen
2472 3871 2744 3942 Domini

635 4079 709 4141 (Ι)
746 4079 938 4137 Genea.
963 4081 1137 4145 xmx,
1166 4080 1248 4133 ¹0.
1355 4084 1360 4089 “

633 4160 706 4224 (2)
743 4162 869 4214 lsai.
896 4158 1104 4228 list-⁴.
1130 4168 1186 4217 et
1210 4161 1370 4217 nich.
1401 4164 1485 4226 lv,
1516 4165 1622 4216 ¹·3.

632 4243 705 4306 (5)
740 4243 979 4310 sophon.
1010 4244 1106 4310 m,
1129 4244 1182 4299 0.
