3175 5084
1476 448 1923 520 ...190-

607 637 919 738 historici
980 636 1215 714 saeeuli
1263 636 1355 709 XI
1416 645 1867 732 anteponere.
1927 636 2168 710 Utrum
2218 644 2459 716 ,autem
2523 635 2584 712 is
2649 636 2776 730 sit,

608 775 809 849 quem
877 751 1203 840 diximus,
1276 754 1618 848 genuinus
1684 753 2027 850 Ephraemi
2098 775 2392 837 sensus,
2460 752 2781 845 judicent

606 869 810 962 periti
838 877 907 942 et
940 870 1120 962 aequi
1153 870 1391 941 harum
1427 890 1654 941 rerum
1685 868 2173 942 aestimatores.

815 1152 867 1243 ἕ
918 1152 990 1226 2.
1048 1174 1491 1226 exrmumun
1542 1173 2117 1235 comui-Ammona
2170 1173 2543 1225 insonitum

1407 1290 1593 1342 nonis
1644 1289 1969 1341 orrostu.

707 1471 805 1540 Ex
854 1467 941 1540 iis
985 1488 1139 1561 quoe
1174 1468 1256 1539 ad
1291 1469 1751 1558 Epi-stolarum
1785 1466 2148 1562 Aphraatis
2179 1475 2530 1563 γνησιότητα
2564 1468 2781 1544 stabi-

611 1584 903 1656 liendam
938 1583 1316 1668 attulimus,
1348 1583 1489 1675 jam
1525 1583 1749 1658 facilis
1787 1583 1918 1656 erit
1954 1583 2314 1676 responsio
2364 1584 2447 1658 ad
2486 1583 2782 1658 difficul-

610 1707 783 1772 tates
867 1719 1022 1791 quae
1079 1707 1317 1770 eontra
1377 1697 1683 1789 ejusdem
1742 1698 2046 1778 auctoris
2097 1697 2281 1789 jura,
2348 1698 2494 1772 sive
2542 1698 2781 1791 ‹quoad

610 1836 850 1887 omnes
882 1815 1211 1886 Romilius
1244 1813 1641 1895 universim,
1682 1812 1829 1884 sive
1873 1813 2231 1906 speciatim
2274 1813 2500 1906 quoad
2554 1816 2781 1888 Homi-

610 1933 776 2020 liam
816 1933 993 2013 XIV,
1045 1929 1421 2024 propositae
1472 1940 1636 2001 sunt
1686 1929 1795 2001 vel
1828 1928 2140 2021 proponi
2194 1938 2509 2023 possent.
2557 1930 2783 2015 Quare

610 2046 878 2137 objecta
930 2046 1045 2117 illa
1094 2045 1495 2139 singillatim
1533 2053 1603 2117 et
1636 2045 1788 2117 fuse
1839 2044 2226 2118 examinare
2279 2066 2406 2118 neo
2460 2066 2781 2118 neeessa-

611 2161 785 2233 rium
823 2161 1025 2233 nobis
1061 2169 1195 2244 est,
1239 2181 1366 2234 neo
1401 2168 1890 2253 opportunum.
1925 2160 2144 2231 Nobis
2180 2160 2350 2240 satis
2386 2161 2518 2233 erit
2544 2160 2782 2234 eadem

611 2277 1017 2349 brevissime
1063 2296 1428 2348 recensere
1480 2285 1549 2346 et
1598 2295 1723 2369 per
1767 2296 2031 2348 summa
2065 2283 2326 2350 tantum
2362 2274 2585 2367 capita
2621 2296 2783 2347 con-

610 2392 887 2465 vellere.
969 2392 1134 2477 Quae
1211 2390 1587 2466 confutatio
1665 2389 1747 2460 ad
1829 2390 2312 2481 compendium
2390 2398 2778 2475 contreeta,

611 2507 879 2580 etiamsi
916 2515 983 2578 et
1019 2506 1168 2599 ipsa
1204 2506 1435 2580 forsan
1471 2514 1632 2597 post
1668 2506 1999 2576 hacteuus
2053 2505 2235 2577 dieta
2279 2504 2502 2576 minus
2538 2525 2783 2578 neees-

612 2623 790 2695 saria
836 2622 1037 2696 alicui
1087 2622 1423 2704 videatur,
1486 2620 1654 2694 illud
1705 2630 1894 2693 eerte
1943 2621 2287 2694 commodi
2336 2622 2650 2704 habebit,
2709 2629 2785 2694 ut

613 2738 1045 2811 occasionem
1077 2737 1332 2830 passim
1360 2736 1662 2829 praebeat
1686 2746 2084 2830 argumenta
2110 2738 2181 2808 in
2210 2737 2643 2830 paragrapho.
2660 2758 2748 2810 su
2766 2775 2783 2789 ·

612 2853 886 2947 periore
912 2852 1201 2925 adducta
1226 2852 1654 2945 aliquatenus
1669 2851 2116 2924 confirmandi
2135 2861 2337 2945 atque
2358 2851 2775 2928 illustrandi.

617 3140 670 3207 l.
731 3138 1240 3209 Examinantur
1298 3131 1736 3226 difficultates
1784 3154 1938 3227 quoe
1987 3136 2316 3207 adversus
2367 3137 2783 3226 Aphraatem

824 3251 1047 3341 quoad
1081 3271 1307 3322 omnes
1339 3252 1713 3340 qeneratim
1747 3251 2076 3321 Homilias
2109 3259 2570 3340 congeruntur

718 3449 1043 3523 Rationes
1096 3471 1336 3522 omnes
1386 3470 1558 3542 quae.
1592 3461 1848 3523 nostrae
1892 3448 2250 3523 sententiae
2286 3450 2505 3543 prima
2538 3450 2783 3521 saitem

569 3627 578 3628 ἶ
619 3569 842 3641 fronte
868 3569 1216 3642 adversari
1243 3568 1561 3641 videntur
1578 3569 1805 3642 editor
1828 3569 2300 3641 translationis
2329 3568 2815 3651 Armeniacae?

577 3685 689 3755 sin
734 3706 859 3757 sua
902 3685 1302 3777 praefatione
1349 3682 1450 3782 (ι),
1504 3685 1623 3757 ubi
1671 3686 1965 3778 probare
2013 3685 2370 3758 contendit
2406 3685 2782 3768 ‘Romilia-³,

622 3801 896 3894 dempta
947 3802 1275 3894 synodica
1323 3799 1456 3898 (ed.
1498 3803 1647 3875 Wr.
1690 3800 1892 3900 XiV),
1935 3825 1972 3874 a
2025 3804 2098 3875 S.
2137 3802 2397 3874 Jaoobo
2449 3800 2788 3872 Nisibeno

619 3925 930 3988 exaratas
989 3936 1172 4000 esse,
1240 3937 1376 3989 uno
1435 3918 1634 4010 quasi
1687 3927 2066 4011 conspeetu
2119 3915 2452 3991 exhibuit.
2517 3913 2788 3985 ideireo

624 4051 777 4122 quae
812 4029 1008 4103 affert
1041 4029 1288 4124 paneis·
1314 4031 1736 4105 excutiamus
1773 4038 2073 4124 oportet.

692 4262 764 4324 (¹)
799 4259 904 4314 cfr.
929 4262 987 4315 S.
1012 4261 1219 4327 lucebi,
1245 4259 1495 4325 Episcopi
1517 4259 1787 4326 Nisibeni,
1814 4273 2103 4326 sermones,
2129 4259 2632 4327 praefatappnirffl.
