3175 5084
1495 462 1947 530 —316—

630 647 1039 720 Litterarum
1094 646 1317 719 effatis
1379 656 1637 719 certam
1696 645 1874 721 viam
1932 665 2014 718 ac
2083 644 2418 717 rationem
2488 663 2626 716 non
2696 651 2806 716 est

629 772 945 847 secutus;
998 763 1162 847 imo,
1219 769 1559 835 contextae
1610 762 1945 835 orationis
1997 760 2558 834 consideratione
2610 765 2804 851 post-

631 878 886 964 habita,
940 878 1035 950 ibi
1096 899 1175 950 ea
1233 878 1646 972 quandoque
1706 877 1972 971 profert
2028 877 2148 950 ubi
2206 875 2326 947 fini
2384 894 2588 968 quem
2641 883 2807 946 tunc

633 993 930 1066 intendit
995 993 1365 1066 convenire
1429 994 1775 1077 videntur,
1842 1013 1971 1065 nec
2040 1013 2193 1064 raro
2257 990 2376 1063 uni
2446 989 2807 1083 eidemque

628 1108 1026 1180 testimonio
1075 1107 1513 1200 perdiversas
1577 1106 1881 1180 vindicat
1949 1106 2472 1199 explicationes,
2530 1104 2672 1188 Sic,
2729 1112 2808 1176 ut

634 1221 767 1294 hoc
801 1231 978 1306 utar,
1032 1242 1302 1314 poenam
1350 1220 1611 1293 Adamo
1662 1221 2059 1293 intentatam
2111 1221 2345 1292 Genes.
2390 1218 2478 1303 11,
2521 1215 2614 1290 17
2655 1243 2669 1289 ε
2713 1221 2810 1289 De

635 1337 818 1427 liquo
883 1323 1112 1407 cutem
1163 1337 1467 1408 scientioe
1532 1337 1686 1407 boni
1758 1346 1825 1407 et
1896 1337 2067 1407 mali
2113 1356 2200 1407 nc
2247 1335 2593 1421 cmnedas,·
2643 1354 2808 1425 quo·

636 1471 923 1543 cumque
962 1454 1144 1522 enim
1176 1452 1288 1524 die
1334 1452 1700 1524 comederis
1752 1471 1842 1523 ex
1874 1471 1975 1536 eo,
2016 1461 2229 1523 morte
2261 1452 2607 1540 morieris,
2645 1448 2809 1520 alibi

633 1567 724 1640 de
756 1567 1074 1661 corporis
1109 1567 1389 1640 interitu
1423 1564 1527 1662 (t),
1567 1566 1732 1639 alibi
1768 1566 1855 1640 de
1891 1574 2111 1640 morte
2147 1567 2389 1639 animae
2418 1587 2547 1660 per
2571 1565 2812 1660 gratiae

636 1681 1076 1754 amissionem
1106 1682 1182 1778 (a)
1204 1683 1509 1776 exponit.
1534 1682 1926 1776 Specimina
1960 1690 2185 1756 autem
2222 1680 2810 1775 interpretationis

636 1796 1028 1890 allegoricae
1064 1796 1131 1867 in
1169 1797 1468 1892 singulis
1511 1798 1658 1871 fere
1706 1798 2010 1871 omnium
2044 1799 2500 1870 Homiliarum
2533 1793 2811 1889 paginis

637 1921 1353 2015 occurrunt‚⁴auctore
1402 1914 1533 1986 sub
1585 1912 1897 1988 historiae
1949 1921 2021 1986 et
2067 1914 2403 1986 factorum
2453 1911 2813 1986 involucro

641 2025 968 2119 mysteria
1015 2025 1410 2119 frequenter
1460 2028 1905 2122 perquirente
1952 2049 2033 2101 ac
2078 2027 2553 2122 patefaciente.
2599 2025 2813 2097 Istius

643 2139 830 2212 modi
880 2148 1043 2212 sunt
1087 2163 1240 2234 quae
1289 2144 1544 2235 promit
1592 2143 1661 2214 in
1703 2144 2198 2216 Dissertatione
2224 2145 2345 2228 IV,
2388 2142 2688 2235 primum
2720 2139 2814 2212 de

638 2256 911 2330 visione
942 2258 1209 2343 Jacobi‚
1253 2260 1487 2365 Gerros.
1527 2261 1835 2347 XXVIII,
1878 2261 2013 2347 12‚-
2045 2261 2282 2345 relata,
2330 2267 2474 2332 tum
2524 2258 2611 2331 de
2658 2255 2816 2329 aliis

639 2372 822 2445 vitae-
848 2373 1155 2466 ejusdem
1216 2375 1631 2450 Patriarchae
1683 2379 2044 2451 eventibus
2104 2377 2198 2449 ita
2254 2376 2614 2448 disserens
2661 2370 2735 2470 (s)
2788 2397 2806 2445 :

645 2516 683 2554 α
711 2489 1011 2562 Jacobus
1037 2510 1336 2582 quoque,
1354 2497 1551 2584 pater
1576 2502 1841 2579 noster,
1864 2493 1933 2564 in
1962 2491 2201 2565 Bethel
2229 2491 2473 2576 oravit,
2506 2488 2818 2582 viditque

642 2610 912 2697 portam
948 2605 1104 2676 coeli
1151 2612 1497 2698 patentem
1533 2602 1619 2680 'et
1667 2609 1920 2681 scalam
1956 2629 2092 2702 qua
2125 2627 2459 2679 ascensus
2497 2604 2567 2675 in
2603 2605 2817 2676 altum

549 2806 558 2813 ⁴
642 2717 1093 2810 praeberetur.
1147 2720 1344 2807 Quod
1404 2720 1578 2794 vidit
1633 2722 1936 2796 Jacobus
1992 2721 2394 2816 mysterium
2445 2719 2820 2792 Salvatoris
2910 2702 2920 2716 ⁰

645 2834 871 2907 nostri
927 2843 1060 2909 est.
1114 2837 1330 2908 Janua
1377 2838 1535 2910 coeli
1584 2847 1693 2911 est
1741 2837 2088 2923 Christus,
2143 2837 2301 2930 ipso
2352 2836 2629 2908 dicente
2677 2830 2753 2931 (4)
2794 2858 2810 2903 :

644 2952 779 3040 qu
798 2971 954 3021 sum
981 2953 1230 3023 ostium
1254 2953 1415 3023 vitoe
1427 2980 1452 3039 ,·
1481 2956 1892 3045 quicumque
1908 2973 2036 3045 per
2058 2972 2167 3024 mc
2190 2955 2538 3044 inpressas
2569 2949 2811 3043 fuerit,

645 3066 823 3137 vivet
864 3067 941 3137 in
987 3076 1344 3139 aeternum.
1396 3069 1483 3139 Et
1528 3069 1733 3141 etiam
1778 3069 1992 3142 David
2037 3074 2328 3166 testatus
2377 3074 2486 3139 est
2520 3062 2596 3164 (a)
2644 3066 2824 3138 hanc

646 3199 793 3254 esso
817 3191 1089 3272 portam
1115 3183 1407 3267 Domini,
1442 3204 1571 3275 per
1603 3205 1810 3275 quam
1832 3181 2019 3280 justi
2050 3186 2349 3256 intrant.
2389 3180 2586 3253 Scala
2621 3199 2822 3274 quam

649 3294 919 3389 aspexit
957 3296 1259 3369 Iacobus
1305 3305 1374 3372 et
1417 3299 1569 3392 ipsa
1618 3299 1841 3394 figura
1891 3306 2002 3372 est
2043 3295 2529 3390 Redemptoris
2576 3293 2820 3378 nostri,

649 3429 778 3503 per
838 3431 1043 3504 quem
1103 3409 1417 3485 homines
1462 3411 1638 3505 justi
1690 3433 1728 3485 e
1781 3412 2185 3507 regionibus
2239 3409 2682 3503 inferioribus
2740 3407 2827 3481 ad

653 3526 1053 3619 superiores
1098 3529 1516 3613 evehuntur3
1570 3527 1810 3602 eadem
1862 3537 1971 3602 est
2016 3528 2300 3622 insuper
2346 3537 2554 3623 typus
2598 3524 2828 3599 crucis

720 3809 797 3873 (Ι)
829 3805 1085 3875 Wright„
1110 3820 1165 3872 p.
1199 3805 1367 3866 ῴι
1405 3835 1421 3852 .

722 3923 797 3988 (2)
835 3922 997 3988 thid„
1031 3936 1086 3989 p.
1121 3930 1301 3970 ..n-m
1343 3950 1359 3966 ·

726 4041 801 4104 (3)
835 4037 998 4104 lbio„
1036 4053 1090 4106 p.
1128 4046 1295 4125 τοι
1332 4052 1485 4108 seqq.

726 4139 802 4202 (4)
834 4139 991 4193 Joan.
1017 4141 1079 4204 x,
1104 4142 1157 4195 9.

724 4222 797 4287 (5)
830 4220 925 4276 Ps.
952 4223 1147 4289 van,
1173 4223 1259 4279 20.
