3175 5084
1409 494 1854 562 ..232..

561 683 685 758 sed
709 684 800 757 de
825 683 1103 777 publica
1135 682 1537 777 poenitentia
1561 691 1634 756 et
1658 684 2126 757 confessione.
2161 684 2352 757 Istud
2380 692 2719 759 assertum

561 817 762 892 quam
795 796 993 870 futile
1030 796 1126 870 sit
1165 805 1236 870 et
1282 797 1430 872 risu
1480 796 1717 870 verius
1767 816 1967 892 quam
2012 797 2483 872 confutatione
2534 800 2717 872 exci-

558 912 913 1009 piendum,
977 912 1353 987 ostendunt
1411 933 1863 1008 quaecumque
1922 912 2146 987 adhuc
2206 913 2294 987 de
2352 913 2722 1009 scriptoris

558 1036 750 1105 textu
784 1029 1256 1105 animadversa
1290 1030 1510 1104 fuere.

659 1149 746 1221 Et
797 1167 962 1221 sane
1016 1156 1091 1221 ut
1132 1148 1271 1241 jum
1321 1148 1632 1222 omittam
1680 1148 1751 1219 in
1797 1169 1882 1222 eo
1928 1147 2222 1243 plurima
2252 1167 2413 1221 esse
2446 1165 2602 1242 quae
2633 1145 2722 1250 de

561 1264 709 1338 sola
759 1263 1202 1338 confessione
1250 1271 1519 1338 secreta
1570 1263 1900 1359 explicari
1946 1262 2250 1358 possint,
2291 1263 2424 1336 hoc
2471 1262 2542 1334 in
2578 1282 2720 1335 me-

562 1379 847 1453 moriam
883 1400 1206 1453 revocare
1248 1381 1439 1453 lubet
1477 1405 1494 1452 :
1537 1380 1913 1454 discrimen
1960 1400 2120 1454 esse
2173 1380 2355 1453 inter
2389 1381 2721 1471 poeniten-

561 1497 732 1568 tiam
751 1496 1096 1586 publicam
1123 1502 1194 1568 et
1218 1494 1703 1592 confossiorem
1730 1498 2103 1588 publicam,
2136 1504 2207 1570 et
2233 1494 2418 1567 illam
2445 1493 2721 1590 quidem

559 1617 976 1705 praeceptam
1042 1611 1208 1684 olim
1266 1611 1511 1694 fuisse,
1579 1611 1745 1684 licet
1804 1631 1932 1705 pro
1992 1610 2402 1706 quibusdam
2462 1617 2722 1682 tantum

560 1725 969 1801 criminibus
1035 1726 1497 1822 gravissimis,
1570 1726 2008 1822 eisdemque,
2070 1728 2264 1820 juxta
2330 1727 2724 1821 complures

562 1849 906 1924 auctores,
943 1840 1273 1935 publicis,
1313 1850 1381 1914 at
1428 1842 1615 1914 nulla
1664 1862 1963 1936 unquam
2008 1841 2341 1916 Ecclesiae
2394 1841 2550 1937 lege
2592 1863 2722 1934 pa·

561 1960 755 2032 blicoe
786 1956 1225 2054 confessionis
1259 1959 1744 2032 necessitatem
1781 1957 2175 2052 impositam
2208 1977 2369 2030 esse
2403 1953 2506 2054 (ι).

663 2074 1004 2146 Praeterea
1071 2093 1235 2147 vero
1308 2079 1579 2146 constat
1646 2072 2117 2167 poenitentiam
2188 2072 2533 2167 publicam
2602 2092 2723 2145 seu

562 2189 961 2262 canonicam
989 2188 1059 2260 in
1089 2189 1413 2283 primaeva
1438 2189 1751 2262 Ecclesia
1777 2190 2056 2262 nonnisi
2084 2189 2297 2262 semel
2323 2209 2725 2261 concessam

561 2304 803 2378 fuisse.
850 2303 1067 2397 Hujus
1118 2305 1220 2378 rei
1272 2304 1474 2378 testis
1526 2304 1731 2378 nobis
1782 2312 1914 2389 est,
1951 2325 2017 2376 e.
2050 2327 2158 2401 g.‚
2203 2305 2273 2377 S.
2312 2304 2602 2377 Siricius
2653 2304 2722 2374 in

539 2422 865 2513 Epistola
899 2422 938 2493 Ι
979 2421 1071 2494 ad
1115 2423 1493 2493 Himerium
1546 2424 2140 2504 Tarraconensem,
2185 2441 2253 2492 n.
2298 2418 2344 2491 6
2376 2417 2452 2518 (2)
2492 2444 2509 2492 t
2556 2448 2593 2485 «
2628 2422 2724 2491 De

563 2535 675 2609 his
702 2556 867 2610 vero
903 2554 1041 2609 non
1078 2536 1461 2631 incongrue
1495 2536 1792 2612 Dilectio
1832 2544 1949 2609 tua
1973 2535 2449 2631 Apostolicam
2478 2534 2723 2608 Sedem

561 2651 859 2725 credidit
883 2651 1401 2737 consulendam,
1427 2652 1547 2747 qui
1573 2659 1722 2724 acta
1745 2651 2148 2747 poenitentia
2170 2660 2492 2747 tanquam
2518 2671 2725 2724 canes

561 2788 642 2841 ae
700 2788 864 2841 sues
917 2767 1020 2840 ad·
1049 2768 1348 2841 vomitus
1399 2767 1738 2861 pristinos
1790 2779 1861 2840 et
1907 2766 2262 2841 volutabra
2324 2766 2717 2847 redeuntes,

563 2891 699 2957 etc.
740 2885 840 2957 De
887 2883 1168 2978 quibus,
1207 2887 1376 2977 quia
1412 2885 1565 2975 jam
1615 2885 1996 2977 suffuqium
2043 2904 2179 2955 non
2226 2884 2474 2956 habent
2512 2881 2728 2974 ρωπί-

563 3000 777 3086 tendi,
818 2998 887 3070 id
925 2998 1243 3072 duximus
1275 2998 1813 3084 decernendum,
1854 3008 1931 3072 ut
1966 3000 2114 3072 sola
2147 2998 2327 3071 intra
2359 2997 2724 3071 ecelesiam

563 3116 886 3190 fidelibus
917 3115 1229 3188 oratione
1271 3115 1689 3211 jungantur;
1743 3136 1960 3189 sacrae
2006 3113 2491 3210 mysteriorum
2543 3114 2725 3188 cele-

563 3231 824 3319 britati,
864 3230 1176 3324 quamvis
1219 3251 1357 3303 non
1401 3233 1815 3314 mereantur,
1868 3229 2225 3313 intersint;
2277 3252 2315 3301 a
2364 3228 2726 3302 dominicae

563 3356 786 3421 autem
824 3368 1081 3420 mensae
1117 3346 1433 3421 convivio
1468 3355 2019 3441 segregentur...
2064 3374 2100 3411 »
2134 3343 2225 3417 At
2258 3345 2723 3439 poenitentiam

564 3484 767 3558 quam
827 3462 1125 3535 inculcat
1178 3460 1558 3556 Aphraates
1623 3482 1995 3556 nunquam,
2056 3460 2380 3556 quamdiu
2464 3460 2535 3532 in
2594 3462 2726 3534 hoc

566 3577 820 3652 mundo
871 3593 1250 3665 versamur,
1311 3577 1543 3653 iterari
1608 3598 1742 3651 non
1793 3598 2006 3672 posse
2055 3577 2532 3651 demonstrant
2579 3585 2726 3649 tum

630 3807 704 3871 (Ι)
737 3808 960 3860 Factum
997 3803 1160 3859 simul
1196 3809 1252 3859 et
1288 3803 1414 3860 facti
1452 3804 1723 3859 rationem
1760 3804 2011 3859 enuntiat
2039 3806 2201 3858 conc.
2236 3802 2363 3857 'rrid
2389 3840 2408 3867 ,
2443 3814 2583 3857 sess.
2618 3804 2726 3856 xlv

564 3903 684 3959 cap.
725 3893 767 3943 v
812 3890 894 3943 De
939 3888 1255 3955 paenitentia
1296 3906 1311 3943 ε
1354 3907 1388 3938 α
1422 3888 1536 3942 Etsi
1583 3887 1867 3951 christus,
1912 3888 2116 3956 inquit,
2164 3899 2278 3942 non
2316 3885 2549 3941 vetuerit
2592 3885 2727 3955 quin
2852 3937 2857 3942 .

565 3973 851 4042 aliquis...
875 3972 1073 4027 delicta
1095 3985 1192 4025 sua
1219 3971 1436 4039 publice
1458 3969 1705 4026 confiteri
1730 3970 1928 4038 possit,
1951 3982 2063 4025 non
2087 3974 2173 4024 est
2196 3976 2377 4024 tamen
2402 3969 2507 4024 hoc
2540 3969 2726 4024 divino

565 4066 838 4124 praecepto
862 4054 1199 4118 mandatum,
1221 4066 1324 4108 nec
1346 4051 1482 4108 satis
1503 4053 1756 4108 consulte
1779 4053 2014 4106 humana
2038 4051 2221 4121 aliqua
2253 4052 2374 4121 lege
2405 4051 2727 4120 praecipere·

566 4145 674 4206 tur,
690 4144 750 4193 ut
763 4138 976 4199 delicta,
996 4138 1297 4207 praesertim
1319 4144 1548 4201 secreta,
1565 4136 1780 4204 publica
1803 4141 1990 4191 essent
2010 4134 2358 4191 confessione
2375 4134 2727 4203 aperienda.»

629 4223 706 4287 (2)
739 4225 838 4289 Αρ.
865 4223 1121 4286 perrone,
1148 4222 1393 4275 Proetect.
1423 4217 1987 4288 meatoqto.(1.ovanii,
2010 4219 2159 4282 1841)
2183 4221 2315 4273 tom.
2334 4217 2421 4281 Vl,
2449 4229 2606 4286 pagg.
2626 4218 2728 4272 483

565 4313 621 4361 et
642 4308 758 4361 454.
