3175 5084
1300 515 1745 581 -121-

587 815 623 907 ᾗ
675 816 1225 891 3.A11Gunsswrun
1278 840 1359 890 ΕΣ
1408 839 1548 891 tom
1601 839 1677 890 ΕΤ
1728 840 2033 892 Tumulus
2085 840 2427 892 nlsuuru.

526 1018 673 1089 Duo
700 1016 840 1108 Jam
873 1028 1270 1111 argumenta
1305 1018 1543 1102 babes,
1585 1039 1741 1111 quae
1776 1017 2142 1093 ostendant
2177 1018 2352 1090 citra
2385 1038 2588 1091 omne

409 1132 532 1225 jus
568 1152 938 1226 verumque
964 1132 1351 1226 Sapientem
1382 1134 1662 1205 Persam
1690 1132 1996 1205 exbiberi
2027 1143 2101 1206 ut
2130 1134 2202 1205 S.
2239 1130 2589 1226 Ephraemi

416 1246 863 1340 discipulum.
916 1247 1236 1334 Quamvis
1286 1256 1508 1320 autem
1561 1247 1947 1344 decretoria
1996 1247 2378 1334 videantur,
2438 1247 2589 1321 aliae

415 1371 645 1434 tamen
693 1361 912 1434 adbuc
964 1371 1336 1459 suppetunt
1387 1362 1714 1447 rationeS‚
1773 1375 1842 1435 et
1892 1365 2278 1457 perspicuae
2337 1365 2582 1459 magiS,

417 1484 489 1549 et
526 1477 914 1548 validiores.
961 1478 1338 1565 Quominus
1390 1478 1573 1549 enim
1627 1500 1999 1571 paucorum
2059 1480 2590 1574 ignotorumque

417 1592 721 1663 virorum
792 1599 1178 1664 commento
1245 1594 1354 1664 vel
1420 1594 1951 1666 verisimilitudo
2025 1594 2250 1688 aliqua
2321 1595 2584 1679 faveat,

420 1708 651 1780 obstat
684 1708 1046 1781 diversitas
1084 1711 1390 1781 locorum
1427 1719 1495 1782 et
1529 1718 1915 1803 temporum
1951 1709 2204 1803 quibus
2235 1710 2335 1781 illi
2372 1711 2586 1805 scrip-

421 1836 613 1897 tores
649 1826 908 1898 vixere.

526 1941 723 2029 Quod
781 1949 1046 2035 spectat
1106 1941 1187 2012 ad
1242 1942 1601 2036 utriusque
1652 1943 1962 2035 patriam,
2035 1944 2143 2016 vel
2212 1943 2442 2036 potius
2505 1942 2588 2012 ad

423 2057 719 2150 originis
774 2067 842 2128 et
901 2055 1338 2128 habitationis
1392 2058 1645 2142 locum,
1687 2066 1923 2130 notum
1976 2066 2085 2129 est
2127 2058 2585 2151 Ephraemum,

420 2173 542 2267 qui
594 2172 819 2244 Nisibi
890 2173 956 2244 in
1021 2174 1237 2245 lucem
1305 2173 1532 2246 editus
1587 2184 1757 2259 erat,
1832 2194 2145 2268 magnam
2214 2173 2370 2245 vitae
2436 2195 2590 2266 par-

419 2299 559 2362 tem
606 2290 885 2373 ibidem,
962 2290 1291 2385 reliquam
1351 2291 1633 2364 Edessae
1698 2291 2105 2374 traduxisse,
2161 2290 2591 2384 longioribus

423 2413 693 2490 tamen,
758 2405 948 2497 juxta
1035 2407 1284 2478 multos
1361 2415 1723 2491 auctoreS‚
1799 2406 2162 2479 itineribus
2246 2406 2591 2498 susceptis

421 2521 493 2591 in
545 2522 910 2614 AEgyptum
974 2530 1041 2594 et
1112 2521 1180 2591 in
1231 2521 1727 2615 Cappadociam
1775 2520 1875 2619 (ι).
1932 2523 2338 2616 Aphraatem
2396 2544 2584 2594 vero⁴

422 2660 505 2709 ex
572 2637 852 2709 Persica
919 2636 1135 2730 stirpe
1190 2646 1450 2720 ortum,
1529 2638 1658 2710 sub
1721 2640 2080 2711 Persarum
2147 2638 2407 2709 ditione
2471 2637 2591 2710 de-

420 2753 614 2847 gisse
656 2810 673 2836 ,
747 2753 1083 2846 proinque
1145 2753 1497 2846 regionem
1566 2775 1719 2846 quae
1795 2755 1876 2825 ad
1963 2754 2295 2826 orientem
2371 2754 2593 2847 magis

422 2878 741 2963 vergeret
773 2868 1151 2941 incoluisse
1187 2871 1251 2939 in
1283 2869 1504 2962 capite
1543 2870 1848 2942 secundo
1887 2871 2423 2943 demonstratum
2452 2879 2584 2943 est.

521 2985 811 3057 Etiamsi
877 2985 1089 3079 igitur
1147 3007 1441 3079 poneres
1495 2994 1609 3059 aut
1662 2998 2025 3081 utrumque
2069 2987 2250 3058 circa
2311 2989 2589 3059 eosdem

416 3122 639 3171 annos
680 3100 1024 3183 floruisse,
1066 3110 1178 3173 aut
1214 3100 1421 3197 (quod
1462 3102 1695 3195 utique
1732 3123 1814 3174 ex
1850 3103 2389 3176 adversariorum
2430 3125 2586 3175 sen-

414 3216 629 3288 tentia
717 3238 1150 3311 consequens
1217 3216 1421 3311 esset)
1492 3219 1923 3311 Ephraemum
1993 3216 2328 3312 Aphraate
2387 3222 2589 3314 paulo

414 3331 875 3425 antiquiorem
947 3355 1137 3413 esse,
1216 3355 1350 3404 non
1418 3333 1677 3405 idcirco
1751 3334 2085 3405 affirmare
2154 3335 2280 3407 tibi
2352 3336 2589 3409 liceret

416 3447 722 3540 priorem
758 3448 974 3520 fuisse
1027 3450 1307 3520 alterius
1357 3450 1783 3543 magistrum.
1830 3450 1961 3521 Sed
2015 3451 2163 3543 ipsa
2213 3451 2326 3522 illa
2372 3453 2587 3547 hypo-

411 3564 635 3635 thesis
671 3563 1040 3636 falsissima
1078 3573 1204 3636 est.
1249 3566 1806 3658 SapiensPersa,
1840 3568 2094 3638 saeculo
2134 3567 2226 3636 111
2265 3568 2345 3638 ad
2384 3568 2587 3640 finem

334 3696 340 3701 ’
416 3677 787 3750 inclinante
842 3688 1067 3758 natus,
1128 3680 1210 3751 ab
1263 3702 1440 3750 anno
1503 3679 1646 3751 336
1711 3702 1927 3774 usque
1988 3682 2069 3752 ad
2131 3704 2378 3754 annum
2443 3682 2596 3801 345ι

413 3795 745 3866 Homilias
815 3816 975 3885 suas
1047 3796 1263 3867 edidit
1333 3799 1432 3891 (2).
1510 3798 1914 3890 Ephraemus
1984 3808 2234 3884 autem,
2311 3809 2384 3871 ut
2454 3799 2584 3873 fert

412 3909 733 3981 unanime
806 3921 1395 3998 monumentorum
1467 3912 1957 3998 testimonium,
2025 3913 2295 3989 demum
2365 3908 2591 4008 impe-⁶

414 4035 610 4096 rante
666 4025 1116 4099 Constantino
1164 4028 1439 4122 Magno,
1495 4028 1561 4100 id
1609 4038 1740 4116 est,
1799 4030 2075 4104 nonnisi
2125 4039 2287 4125 post
2335 4052 2582 4104 annum

486 4238 559 4301 (t)
596 4239 653 4288 B.
683 4238 743 4288 Ο.
775 4238 816 4300 Ι,
841 4251 896 4303 p.
922 4237 989 4290 24
1011 4250 1167 4305 seqq.

488 4319 559 4383 (2)
597 4318 712 4372 Vid.
744 4332 891 4386 sup„
912 4333 966 4386 p.
993 4320 1060 4372 66
1082 4334 1235 4389 seqq.
