3175 5084
342 487 627 525 ·..‘
1244 500 1652 563 —87-

369 689 558 783 quod
594 687 763 759 mihi
797 686 1252 785 decretorium
1298 686 1591 771 videtur,
1654 686 1723 755 in
1781 684 2326 757 adversariorum
2384 709 2538 759 sen-

371 802 609 887 tentia,
643 802 760 896 qui
799 802 992 896 prius
1027 803 1155 874 hac
1186 802 1643 895 appellatione
1679 800 2020 894 designati
2057 809 2218 872 sunt
2250 825 2264 871 ε
2304 830 2340 865 <‹
2378 802 2537 875 Om-

369 955 498 1007 nes
524 933 856 1004 Ecclesiae
884 933 1049 1017 nati,
1080 936 1199 1023 qui
1232 935 1575 1004 nobiscum
1608 945 1799 1016 sunt,
1840 960 1876 996 n
1934 926 2092 1021 Aah
2131 918 2332 1021 σι’ῥ.
2372 933 2541 1003 aso

372 1060 803 1168 &zexmom
847 1064 1119 1140 mutata,
1144 1056 1471 1149 loquendi
1506 1025 2282 1140 forma,nominarentur
2312 1088 2348 1124 «
2392 1082 2537 1132 om-

370 1212 496 1262 nes
554 1190 883 1262 Ecclesiae
954 1190 1118 1274 nati,
1181 1193 1301 1280 qui
1358 1193 1696 1261 vobiscum
1748 1202 1937 1274 sunt,
1987 1219 2024 1255 »
2085 1183 2249 1276 hb·
2275 1189 2538 1259 ern-§.o

367 1320 716 1424 ,καλώ
749 1316 1146 1412 inhiat&
1184 1313 1357 1385 Aliis
1392 1314 1650 1395 verbiS,
1710 1315 1828 1406 qui
1863 1315 2206 1407 Wrightio
2272 1317 2337 1386 in
2405 1320 2536 1389 hoc

366 1435 524 1505 loco
587 1416 1100 1525 interpretando
1165 1431 1556 1504 consentire
1621 1430 1855 1517 velint,
1904 1431 2135 1503 ambas
2180 1433 2332 1504 illas
2389 1435 2534 1506 dic·

365 1549 598 1620 tiones
645 1548 731 1619 de
780 1547 1019 1620 eodem
1083 1544 1395 1637 subjecto
1465 1546 1767 1637 prolatas
1837 1566 1994 1617 esse
2057 1556 2344 1639 propter
2394 1551 2533 1620 evi-

363 1663 643 1734 dentem
704 1664 1192 1735 sententiarum
1252 1658 1785 1752 parallelismum
1852 1659 2188 1731 fateantur
2247 1682 2533 1735 necesse

363 1789 474 1851 est
515 1804 531 1849 :
577 1780 806 1851 dicant
842 1781 1075 1874 igitur,
1122 1778 1384 1860 amabo,
1428 1777 1773 1870 quomodo
1809 1778 2088 1848 alteram
2129 1800 2281 1851 cum
2325 1781 2534 1852 altera

362 1893 798 1967 conciliaturi
836 1896 997 1967 sint.

466 2026 955 2098 concludimus
1016 2025 1409 2118 Georgium,
1462 2023 1734 2117 quando
1769 2035 1924 2128 <h-
1958 2046 2334 2117 pronomen
2389 2030 2522 2101 loc.

361 2154 481 2223 cit.
553 2151 747 2243 legit,
811 2151 976 2222 illud
1041 2148 1315 2244 quidem
1378 2150 1462 2221 de
1524 2171 1651 2222 suo
1701 2149 2080 2234 addidisse,
2141 2153 2530 2226 nullatenus

359 2277 587 2339 tamen
625 2288 904 2339 sensum
964 2276 1289 2348 mutasse,
1333 2266 1468 2337 imo
1522 2264 1852 2357 liquidius
1904 2267 2217 2338 eumdem
2255 2281 2320 2340 et
2376 2291 2529 2341 cum

360 2384 672 2475 emphasi
722 2381 1009 2475 quadam
1061 2379 1529 2474 expressisse·;
1596 2381 1766 2451 nihil
1805 2382 2014 2474 igitur
2050 2403 2132 2453 ex
2170 2383 2293 2454 hac
2338 2394 2530 2478 parte
2599 2470 2602 2477 Ι

361 2497 639 2569 obstare
702 2496 915 2567 valori
984 2494 1368 2589 argumenti
1439 2517 1574 2587 quo
1648 2495 2036 2588 Sapientem
2109 2498 2385 2569 Persam
2461 2500 2530 2573 in

360 2615 773 2685 clericorum
818 2634 1102 2685 censum
1151 2613 1431 2684 relatum
1484 2634 1640 2685 esse
1687 2613 2326 2688 demonstravimus,
2384 2616 2527 2689 Cae-

359 2739 583 2800 terum
622 2729 795 2799 hanc
831 2728 1191 2819 scriptoris
1242 2727 1459 2799 nostri
1510 2728 1938 2821 dignitatem,
1982 2729 2184 2800 etiam
2232 2732 2530 2805 admissa

358 2842 689 2936 Wrightii
726 2843 1314 2934 interpretatione,
1358 2843 1424 2911 in
1461 2842 1697 2913 eadem
1745 2845 2043 2933 Episto'a
2092 2846 2272 2917 clare
2314 2851 2529 2918 mani·

361 2959 599 3030 festari
639 2960 844 3029 modo
888 2980 1024 3051 quo
1066 2959 1149 3029 de
1187 2958 1505 3030 fidelibus
1543 2969 1612 3030 et
1648 2960 1968 3031 universo
2006 2964 2190 3033 clero
2230 2963 2530 3056 loquitur

358 3084 626 3158 auctor,
669 3076 838 3145 satis
875 3074 1132 3166 patebit
1168 3095 1249 3145 ex
1280 3070 1452 3144 infra
1489 3074 1828 3146 dicendis.

693 3353 727 3444 ξ
783 3353 851 3425 3.
913 3376 993 3424 os
1045 3375 1370 3429 mamurr-
1421 3376 1774 3428 muscorAu
1825 3378 2191 3429 Arsanus.

458 3556 673 3628 Misso
726 3554 843 3624 illo
881 3552 1191 3635 exordio,
1239 3553 1324 3624 de
1376 3554 1570 3644 cujus
1609 3554 2113 3647 significatione
2161 3565 2227 3627 et
2266 3558 2331 3628 vi
2369 3580 2527 3651 pro-

358 3671 584 3743 bativa
640 3676 924 3762 propter
977 3688 1211 3739 eorum
1261 3669 1379 3759 qui
1440 3690 1479 3738 a
1540 3669 1741 3740 nobis
1805 3669 2226 3742 dissentiunt
2282 3694 2529 3744 nomen

358 3797 567 3880 atque
602 3783 1073 3855 auctoritatem
1104 3784 1306 3874 paulo
1342 3783 1562 3854 fusius
1591 3783 2074 3876 disputandum
2106 3788 2525 3873 censuimuS,

357 3923 680 3995 gressum
741 3900 1033 3972 facimus
1096 3899 1178 3969 ad
1240 3899 1582 3993 integrum
1644 3904 1964 3991 Epistoloe
2021 3905 2176 3974 XIV
2225 3911 2530 3976 tenorem

359 4015 912 4098 examinandum,
958 4022 1031 4085 ut
1067 4013 1226 4085 inde
1262 4035 1578 4087 eruamus
1632 4017 2020 4109 Sapientem
2070 4019 2348 4090 Persam
2395 4040 2532 4091 non

359 4142 624 4204 tantum
699 4130 766 4199 in
842 4128 1221 4200 hierarchia
1304 4129 1773 4201 ecclesiastica
1840 4133 2330 4217 constitutum,
2408 4133 2531 4205 sed

362 4248 743 4341 episcopali
780 4246 1114 4339 dignitate
1149 4244 1511 4339 praeditum
1546 4246 1788 4319 fuisse.
