3175 5084
1244 481 1314 496 —-
1402 445 1692 510 289-

374 640 459 711 ad
498 640 710 710 Deum
740 644 1004 710 mentes
1033 645 1299 709 vestras
1327 636 1449 709 Dei
1483 637 1728 708 timore
1764 635 2170 709 convertite.
2212 662 2249 699 »
2282 635 2549 709 Putavit

378 755 646 828 scilicet
699 753 932 845 elapsa
981 749 1127 824 fere
1172 771 1331 825 esse
1382 771 1504 824 sex
1548 772 1881 825 annorum
1944 749 2179 838 millia,
2245 749 2550 823 universi

380 868 721 944 durationi
783 889 820 939 a
877 867 1021 939 Deo
1082 867 1488 960 praestituta.
1548 868 1626 938 Id
1664 867 1843 941 enim
1912 866 2066 961 ipse
2123 866 2401 952 asserit,
2457 867 2550 939 ad

383 990 856 1068 Fortunatam,
899 984 981 1055 de
1050 985 1518 1056 exhortatione
1587 986 1910 1078 martyrii
1975 1010 1995 1055 .-
2061 1012 2098 1049 «
2143 983 2276 1055 Sex
2342 981 2552 1054 millia

384 1121 718 1175 annorum
746 1098 886 1191 jam
924 1118 1099 1191 pene
1136 1098 1595 1192 complentur,
1638 1120 1719 1171 ex
1756 1119 1893 1194 quo
1931 1098 2276 1172 bominem
2315 1097 2550 1170 diabo-

386 1221 495 1294 lus
532 1219 992 1312 impugnat.»

485 1337 561 1407 In
623 1333 937 1407 eumdem
999 1352 1280 1405 sensum
1343 1331 1415 1403 S.
1484 1330 1908 1405 Gaudentius
1972 1331 2331 1404 Brixianus
2396 1329 2474 1425 (1)
2532 1356 2548 1436 ξ

392 1481 427 1518 «
462 1452 957 1543 Exspectamus
1029 1444 1220 1519 illum
1281 1466 1442 1519 vere
1503 1454 1810 1518 sanctum
1874 1445 2149 1540 septimi
2211 1445 2554 1517 millesimi

387 1567 543 1639 anni
603 1564 814 1646 diem,
874 1562 991 1656 qui
1054 1560 1372 1633 adveniet
1437 1567 1600 1655 post
1661 1561 1819 1634 illos
1881 1582 2002 1634 sex
2038 1562 2215 1646 dies,
2273 1561 2561 1632 millium

388 1681 710 1754 videlicet
771 1698 1102 1750 annorum
1174 1677 1434 1772 saeculi,
1508 1677 1761 1770 quibus
1825 1678 2217 1771 completis,
2286 1677 2564 1771 requies

394 1797 524 1871 erit
558 1816 741 1869 verae
778 1792 1125 1867 sanctitati
1162 1800 1231 1863 et
1275 1791 1570 1864 fideliter
1615 1792 2060 1865 credentibus
2106 1793 2172 1863 in
2221 1814 2569 1866 resurrec-

394 1914 585 1986 tione
621 1911 902 1986 Christi.
938 1910 1107 1979 Nam
1149 1910 1332 1981 nulla
1363 1910 1493 1982 erit
1523 1911 1614 1981 ibi
1657 1932 1889 2006 pugna
1915 1921 2154 1983 contra
2189 1911 2561 1998 diabolum,

396 2030 513 2122 qui
549 2037 714 2100 tunc
748 2026 985 2120 utique
1022 2023 1441 2097 detinebitur
1477 2025 1845 2119 suppliciis
1885 2026 2240 2121 religatus,
2284 2055 2319 2091 2>

495 2142 657 2237 lpse
694 2143 763 2214 S.
813 2140 1301 2235 Hieronymus,
1344 2140 1544 2233 cujus
1579 2149 1765 2214 tanta
1802 2150 1909 2214 est
1944 2142 2014 2212 in
2052 2163 2127 2214 re
2163 2141 2568 2235 scripturis·

393 2258 527 2330 tica
595 2256 967 2329 auctoritas
1036 2265 1106 2327 et
1165 2255 1480 2338 scientia,
1551 2257 1618 2328 in
1690 2256 2043 2350 epistolari
2107 2259 2574 2348 Explicatione

385 2374 636 2465 psalmi
686 2372 1019 2444 LXXXIX
1065 2371 1157 2441 ad
1214 2371 1657 2464 cyprianum,
1716 2393 1798 2443 ex
1854 2372 1972 2444 illo
2026 2372 2370 2444 versiculo
2415 2366 2489 2466 (2)
2545 2395 2562 2441 ε

395 2492 727 2576 Quoniam
762 2489 953 2560 mille
986 2490 1156 2558 anni
1191 2498 1351 2559 ante
1379 2490 1606 2559 oculos
1643 2500 1793 2561 tuos
1826 2490 2008 2561 sicut
2037 2489 2184 2561 dies
2220 2490 2566 2571 hesterna,

390 2628 543 2700 quoe
568 2607 934 2699 praeteriit,
978 2605 1182 2677 infert
1219 2625 1371 2698 quae
1408 2614 1793 2700 sequuntur
1835 2631 1848 2677 :
1896 2635 1931 2671 «
1969 2607 2116 2700 Ego
2156 2604 2455 2676 arbitror
2489 2623 2572 2674 ex

393 2723 527 2794 hoc
580 2722 734 2793 loco
790 2720 974 2792 mille
1030 2740 1248 2792 annos
1304 2742 1429 2814 pro
1484 2742 1618 2793 una
1667 2719 1780 2793 die
1818 2721 2064 2793 solitos
2100 2718 2453 2813 appellari,
2497 2726 2573 2790 ut

395 2837 666 2910 scilicet
699 2836 858 2931 quia
895 2836 1189 2907 mundus
1227 2836 1295 2906 in
1335 2857 1456 2908 sex
1493 2835 1740 2908 diebus
1781 2835 2180 2920 fabricatus,
2215 2855 2337 2907 sex
2375 2833 2574 2904 milli-

396 2954 524 3026 bus
590 2960 851 3025 tantum
921 2973 1256 3024 annorum
1325 2952 1646 3025 credatur
1708 2953 2119 3037 subsistere,
2194 2960 2263 3025 et
2329 2958 2571 3044 postea

392 3070 628 3142 venire
697 3070 1163 3162 septenarium
1224 3077 1292 3140 et
1359 3068 1788 3140 octonarium
1847 3087 2228 3152 numerum,
2298 3065 2367 3136 in
2429 3086 2568 3159 quo

393 3206 596 3258 verus
633 3192 1029 3257 exerceatur
1064 3181 1558 3264 sabbatismus;
1603 3182 1785 3254 unde
1819 3191 1890 3254 et
1922 3188 2083 3254 octo
2130 3178 2569 3253 beatitudini·

397 3300 525 3371 bus
562 3300 901 3371 bonorum
947 3317 1235 3390 operum
1283 3298 1563 3390 praemia
1599 3298 2113 3390 promittuntur.
2158 3322 2195 3360 »
2233 3334 2330 3348 —-
2360 3295 2570 3368 Hisce

395 3414 670 3508 gemina
705 3411 953 3484 scribit
990 3411 1061 3483 S.
1108 3411 1366 3483 Doctor
1401 3411 1471 3483 in
1500 3432 1652 3505 cap.
1701 3411 1785 3482 IV
1823 3410 2151 3484 Micbaeae.

497 3531 596 3600 Ex
626 3526 942 3600 adductis
979 3526 1376 3597 nominibus
1404 3534 1472 3598 et
1496 3526 1914 3598 testimoniis
1941 3534 2127 3618 patet
2163 3525 2573 3600 sententiam

397 3667 598 3741 quam
633 3654 863 3718 tuetur
887 3642 1269 3736 Aphraates
1298 3662 1436 3715 non
1465 3642 1603 3735 ipsi
1632 3641 1983 3736 propriam
2012 3643 2121 3716 vel
2152 3628 2570 3738 singularem

397 3782 582 3846 esse,
650 3781 730 3832 ac
796 3758 1027 3854 proin,
1095 3758 1156 3831 si
1229 3758 1583 3844 erraverit,
1661 3778 1964 3831 errorem
2031 3756 2267 3844 istum,
2334 3767 2573 3851 utpote

401 3877 635 3949 multis
695 3896 1152 3958 communem,
1229 3874 1413 3946 facili
1474 3874 1674 3947 venia
1734 3874 2022 3969 dignum
2080 3873 2329 3948 videri.
2405 3874 2571 3946 Inde

400 3994 606 4067 simul
653 3993 1004 4087 colligitur
1051 3991 1249 4082 cujus
1293 3993 1572 4085 generis
1619 4002 1686 4064 et
1738 3981 2021 4065 roboris
2069 3991 2211 4064 sint
2271 3990 2573 4063 rationes

463 4208 535 4269 (t)
570 4205 694 4259 Loc.
720 4219 843 4269 sup.
869 4205 965 4258 cit.

464 4290 537 4351 (Ξ)
573 4288 664 4341 Ps.
697 4288 951 4351 mxxix,
980 4302 1027 4341 v.
1060 4290 1109 4338 4.
2322 4351 2401 4416 21
