3175 5084
1224 458 1299 471 -·
1394 424 1510 487 113
1597 461 1671 470 --

351 614 763 707 religionem
830 635 1136 686 moresve
1198 612 1696 707 spectantibus,
1749 635 1812 684 v.
1883 633 1988 707 g.‚
2049 614 2133 685 de
2184 616 2523 687 univorsis

350 731 616 819 Christi
668 733 932 801 Domini
978 733 1196 818 festis,
1238 731 1322 802 de
1368 730 1503 819 fide
1547 740 1615 800 et
1659 729 1981 811 Ecclesia,
2020 730 2103 801 de
2133 732 2528 821 viryinitatc

350 860 421 919 et
454 846 746 942 jejunio,
787 849 869 919 de
910 850 1181 939 Vir-qino
1228 850 1475 929 Maria,
1526 847 1608 919 de
1653 849 2165 934 confessoribus,
2206 849 2290 920 de
2337 851 2524 920 beato

355 965 659 1054 Iosepho,
719 964 802 1035 de
851 964 1125 1033 Iuliano
1179 964 1356 1033 Saba
1396 974 1464 1034 ot
1512 964 1897 1033 Abrahamo
1944 964 2392 1048 Khidanensi,
2444 967 2526 1036 de

266 1154 275 1161 ,
354 1082 661 1151 civitatis
675 1080 1010 1152 Nisibenoe
1023 1078 1193 1173 satis
1209 1091 1277 1151 et
1294 1080 1825 1161 calamitatibus,
1844 1080 2173 1152 adversas
2199 1084 2518 1167 hoereses;

355 1194 611 1286 quibus
649 1193 943 1264 addendi
982 1201 1142 1264 sunt
1174 1194 1424 1285 Hymni
1450 1196 1851 1283 paraenetioi
1885 1204 1954 1266 et
1986 1196 2332 1268 Sermones
2368 1218 2525 1290 per·

358 1310 580 1393 multi,
618 1316 762 1381 tum
791 1311 1097 1394 metrica,
1143 1317 1282 1380 tum
1319 1310 1625 1403 pedestri
1662 1311 1969 1382 oratione
1996 1312 2383 1383 concinnati
2419 1311 2517 1410 (l).

358 1427 575 1498 Porro
614 1426 680 1496 in
719 1425 1031 1520 pluribus
1067 1447 1350 1520 operum
1387 1447 1667 1498 suorum
1705 1426 1879 1498 locis
1914 1448 2186 1499 errores
2222 1428 2526 1522 dogmati

356 1542 701 1614 catholico
763 1542 1126 1635 oppositos
1182 1543 1622 1614 vehementer
1685 1543 2079 1633 insectatur,
2142 1545 2525 1637 solidisque

356 1658 664 1729 confutat
699 1657 1103 1730 rationibus,
1146 1657 1270 1728 Vix
1308 1658 1445 1728 ulla
1482 1656 1816 1729 nominari
1854 1667 2094 1750 posset
2129 1668 2314 1733 secta
2370 1661 2523 1754 ipso

358 1772 690 1857 anterior,
732 1794 933 1866 quam
972 1790 1105 1843 non
1144 1772 1672 1867 impugnaverit,
1713 1772 1826 1845 vix
1862 1773 2111 1867 aliquis
2165 1776 2521 1847 haeresiar-

359 1891 514 1969 cha,
566 1910 773 1983 quem
823 1911 958 1961 non
1014 1891 1348 1962 notaverit
1401 1897 1605 1983 atque
1656 1890 2157 1984 suggillaverit,
2199 1892 2361 1963 stilo
2397 1914 2524 1964 suo

360 2005 535 2088 acri,
604 2027 851 2099 purum
913 2005 1070 2077 fidei
1135 2026 1434 2077 amorem
1473 2005 1779 2097 spirante
1813 2002 1889 2101 (a)
1933 2031 1947 2076 :
1991 2008 2522 2093 ValentiniauOS,

356 2119 868 2206 Bardesanitas‚
924 2119 1274 2203 Cuchitas‚
1334 2120 1797 2204 Marcionitas,
1861 2122 2294 2207 Manichaeos,
2337 2124 2524 2197 Aria-

429 2382 498 2444 (ι)
533 2381 590 2434 8.
618 2379 901 2444 Ephroemi
923 2378 1051 2444 Syri
1072 2390 1235 2443 opera
1259 2390 1327 2431 ex
1352 2379 1795 2433 codd.vaticanis
1823 2380 2052 2448 syriace,
2076 2394 2249 2451 graece
2284 2391 2338 2437 et
2362 2386 2527 2441 latine

350 2462 647 2517 ediderunt
672 2465 727 2517 P.
766 2461 1087 2515 Benedictus
1110 2463 1164 2514 S.
1189 2463 1237 2513 J.
1275 2466 1330 2514 et
1365 2462 1673 2528 Stephanus
1699 2463 1933 2518 Evodius
1950 2467 2297 2530 assemanus,
2316 2470 2521 2538 Romae„

358 2548 668 2609 17524746,
693 2548 726 2598 6
748 2547 854 2600 vol.
882 2544 1058 2598 in·l'ol.
1080 2545 1361 2610 Quomodo
1385 2546 1627 2599 materiae
1649 2547 1879 2601 diversae
1893 2548 1967 2600 ibi
1988 2555 2227 2604 tractatae
2247 2552 2303 2604 in
2320 2555 2526 2610 classes

356 2628 572 2696 aliquot
593 2634 719 2695 apte
750 2627 1005 2681 distribui
1043 2633 1244 2693 queant
1284 2626 1408 2681 vide
1446 2629 1562 2680 Bib.
1613 2628 1707 2683 Or.
1752 2632 1792 2692 l,
1833 2645 1923 2697 pp.
1949 2633 2158 2685 55464.
2198 2636 2425 2704 lnsuper
2459 2651 2525 2691 ex

355 2713 526 2766 codd.
571 2711 957 2774 Nitriensibus,
997 2711 1090 2777 qui
1133 2709 1189 2762 in
1231 2713 1474 2763 nuscum
1519 2711 1907 2765 Btritannicum
1945 2721 2071 2766 ante
2106 2728 2282 2769 annos
2316 2718 2424 2771 fere
2458 2725 2527 2777 55

355 2796 494 2849 illati
521 2796 692 2855 ruere,
718 2795 776 2848 S.
803 2794 1090 2859 Epnroemi
1114 2795 1241 2859 syri
1267 2793 1530 2848 Carmina
1559 2793 1843 2850 Nisibena‘
1866 2797 2076 2863 primus
2115 2799 2306 2865 edidit,
2346 2805 2529 2871 vertit,

354 2880 650 2946 explicavit
673 2881 734 2934 G.
766 2878 979 2940 Bickell,
1023 2878 1238 2944 Lipsiae,
1268 2877 1596 2944 mochimus,
1623 2881 1776 2943 186&
1815 2879 1946 2933 item
1976 2880 2038 2935 S.
2062 2882 2346 2946 Eparoemi
2376 2888 2523 2954 Syri,

354 2966 609 3030 Rabona,
651 2963 904 3028 Episcopi
946 2962 1222 3025 Edessam,
1270 2964 1440 3015 Batoei
1482 2964 1825 3027 aliorum'que
1867 2977 2032 3028 opera
2077 2971 2270 3020 selecta
2315 2970 2526 3036 primus

354 3048 530 3102 edidit
552 3050 680 3100 J.-l.
716 3045 1012 3107 over-beck,
1049 3044 1264 3107 oxonii,
1311 3047 1465 3106 ¹86&
1493 3045 1777 3112 adjecitex
1814 3048 1980 3101 codd.
2020 3050 2277 3105 Romanis
2296 3052 2525 3121 Zinger-

355 3133 499 3185 leius
538 3139 654 3186 tum
678 3131 866 3195 Sancti
904 3130 1092 3182 Patris
1119 3128 1398 3194 Eparaemi
1419 3142 1693 3182 sermones
1715 3134 1867 3194 duos,
1896 3132 2107 3197 Brixen,
2123 3135 2343 3203 Weger‚
2371 3142 2520 3204 1868,

356 3222 475 3269 tum
499 3215 608 3268 alia
634 3213 903 3280 quaedam,
930 3225 1052 3278 quae
1073 3212 1437 3264 Monumentis
1478 3213 1719 3278 Syriacis
1758 3226 1829 3265 ex
1867 3214 2081 3270 Romm.
2109 3217 2270 3271 Codd.
2295 3222 2522 3274 collectis

352 3297 492 3359 (tom
543 3299 584 3358 l,
613 3294 928 3362 OEuiponti,
955 3295 1206 3361 Wagner.
1230 3294 1378 3358 1869)
1406 3293 1655 3349 inseruit.
1684 3296 1839 3349 Dedit
1859 3296 2022 3350 etiam
2049 3299 2238 3352 Martia
2264 3292 2516 3358 volum'en

355 3379 809 3449 autograpbicum
833 3390 943 3445 quo
972 3378 1215 3431 Doctoris
1239 3377 1481 3431 Nisibeni
1499 3379 1741 3444 Hymnos
1760 3381 2155 3436 deam-anama
2178 3385 2519 3443 Kaidunensi

353 3467 677 3532 complexus
724 3470 827 3517 est.
877 3462 1112 3515 Necdum
1156 3468 1335 3515 tamen
1373 3464 1631 3515 exhausta
1657 3471 1742 3517 est
1762 3468 1942 3533 ampla
1972 3466 2063 3520 illa
2088 3470 2284 3523 messis
2307 3485 2430 3538 quae
2452 3487 2518 3526 ex

354 3549 528 3602 Musei
563 3546 855 3600 Britannici
880 3546 1225 3617 *aliarumque
1250 3545 1699 3600 bibliothecarum
1731 3549 2098 3604 monumentis
2114 3552 2295 3621 colligi
2319 3562 2519 3621 potest.

355 3634 533 3698 Quare
576 3630 802 3685 Londini
851 3641 1027 3696 nuper
1071 3629 1361 3695 descripsit
1405 3630 1473 3683 cl.
1526 3633 1689 3698 Lamy
1735 3643 1873 3685 nova
1921 3633 2188 3700 prraemi
2234 3639 2518 3704 anecdota,

354 3714 604 3779 nymnos
629 3712 877 3766 videlieet
919 3711 1313 3766 ‹te-Nativitate
1351 3711 1579 3773 Christi,
1615 3716 1680 3765 de
1703 3713 2037 3779 Epiphania,
2061 3720 2126 3770 de
2159 3732 2319 3775 saera
2350 3736 2522 3790 ooena,

355 3798 422 3849 de
456 3795 826 3861 crucifixione,
849 3798 914 3848 de
937 3796 1346 3859 resurreetione,
1372 3797 1436 3849 de
1457 3797 1694 3862 jejunio,
1730 3799 1794 3849 de
1817 3800 1985 3853 Beata
2019 3800 2261 3870 Vimine,
2285 3806 2348 3857 de
2371 3821 2519 3861 mar-

354 3881 588 3945 tyriam,
610 3882 675 3932 de
698 3878 921 3932 Iuliano
950 3877 1127 3941 Saba‚·
1153 3879 1435 3931 Sermones
1475 3880 1605 3932 item
1640 3881 1781 3933 bene
1816 3883 2016 3937 multos
2039 3889 2094 3937 et
2119 3885 2519 3946 commentaria

357 3962 416 4014 in
466 3963 652 4028 plures
700 3961 990 4027 Scripturae
1024 3961 1210 4015 libros.
1260 3964 1390 4027 Quae
1427 3963 1610 4017 omnia
1649 3964 2003 4021 translatione
2043 3969 2229 4023 Latina
2266 3973 2521 4041 notisque

358 4045 631 4101 illustrata
673 4044 989 4111 prodibunt.
1027 4047 1131 4098 Nee
1169 4045 1423 4099 diuturna
1453 4047 1564 4114 jam
1601 4048 1705 4101 erit
1743 4049 1983 4103 virorum
2026 4051 2384 4107 litteratorum
2428 4069 2515 4108 ex·

358 4127 626 4195 spectatio
651 4146 663 4181 :
689 4128 818 4180 dum
843 4128 989 4179 enim
1017 4129 1130 4181 haec
1149 4129 1349 4193 scribo,
1375 4130 1627 4184 volumen
1655 4131 1889 4198 primum
1917 4135 2084 4202 praelo
2109 4137 2370 4204 subjacet.

428 4212 498 4275 (2)
535 4210 641 4264 cfr.
671 4213 726 4263 Β.
752 4214 810 4262 0.
840 4212 883 4275 l,
910 4213 1140 4265 tte-¹32.

2286 4304 2360 4368 10
