3175 5084
1373 483 1813 548 -218-

511 665 717 738 verba
766 668 995 739 statim
1045 669 1130 742 ab
1177 669 1376 742 initio
1427 673 1741 744 Homilioe
1786 672 1988 745 istius
2034 673 2162 745 tibi
2215 673 2670 746 occurrentia.

517 781 682 867 Quae
749 783 908 854 talia
976 793 1137 856 sunt
1196 781 1272 882 (1)
1339 811 1355 857 ε
1425 815 1464 852 «
1498 787 1794 860 Litteras
1864 798 2016 861 tuas
2084 789 2358 884 accepi,
2433 788 2671 879 amice,

514 916 884 992 earumque
942 901 1146 973 lectio
1207 923 1454 998 magno
1520 925 1628 976 me
1690 904 1941 997 gaudio
2001 905 2267 989 affecit,
2345 927 2428 979 eo
2492 905 2675 999 quod

516 1020 810 1085 mentem
842 1014 1035 1087 hisce
1081 1016 1688 1110 disquisitionibus
1733 1020 2176 1113 applicueris.
2223 1022 2389 1108 Quae
2424 1021 2604 1092 enim
2640 1043 2678 1091 a

516 1148 624 1200 me
669 1130 1035 1223 postulasti
1084 1132 1303 1227 gratis
1355 1133 1605 1208 dantur
1650 1142 1720 1210 et
1769 1137 1987 1230 gratis
2037 1137 2489 1231 accipiuntur.
2547 1137 2676 1225 Qui

496 1245 631 1315 'illa
685 1246 1026 1338 possidet,
1085 1248 1147 1320 si
1207 1251 1466 1342 petenti
1532 1252 1767 1324 eadem
1831 1252 2173 1347 denegare
2233 1253 2420 1336 velit,
2477 1253 2681 1325 bonis

516 1358 767 1452 quibus
828 1360 1000 1434 alios
1060 1361 1324 1435 fraudat
1386 1375 1454 1437 et
1510 1366 1662 1460 ipse
1723 1367 2129 1460 privabitur,
2188 1369 2507 1462 quoniam
2560 1367 2699 1461 qui,

516 1477 814 1571 gratuito
848 1480 1116 1574 accepit
1166 1483 1465 1576 gratuito
1518 1484 1827 1556 vicissim
1872 1484 2148 1579 elargiri
2185 1485 2414 1558 debet.
2458 1487 2556 1558 De
2590 1484 2677 1556 iis

516 1593 745 1686 itaque
813 1617 966 1688 quae
1037 1617 1142 1669 me
1214 1600 1503 1692 rogasti,
1570 1600 1952 1685 carissime,
2017 1622 2145 1694 pro
2217 1600 2464 1695 exigua
2530 1620 2677 1671 mea

515 1708 833 1782 facultate
879 1710 1004 1783 tibi
1057 1712 1365 1787 scribere
1399 1714 1666 1787 animus
1702 1722 1834 1787 est.
1879 1714 2095 1787 Simul
2128 1736 2292 1788 vero
2328 1715 2483 1799 alia,
2525 1736 2679 1808 quae

517 1845 555 1895 a
591 1845 698 1897 me
750 1846 887 1898 non
939 1828 1348 1920 quaesivisti,
1390 1830 1512 1901 Dei
1565 1830 1817 1902 auxilio
1869 1830 2210 1914 invocato,
2267 1838 2336 1902 te
2388 1830 2680 1902 edocere

517 1960 855 2032 propono.
900 1941 1077 2014 Audi
1114 1943 1352 2038 igitur,
1393 1945 1643 2025 amice;
1687 1945 1996 2018 internos
2033 1944 2268 2018 cordis
2303 1945 2403 2017 tui
2438 1946 2679 2017 oculos

518 2055 685 2125 mihi
721 2075 977 2141 resera,
1021 2057 1155 2130 vim
1192 2059 1618 2153 spiritualem
1671 2062 1920 2133 mentis
1967 2070 2102 2133 tuae
2136 2061 2330 2133 adea
2365 2082 2518 2154 quae
2552 2060 2677 2132 tibi

516 2170 856 2262 proferam
915 2172 1358 2268 intelligenda
1417 2176 1688 2249 adhibe.
1748 2218 1843 2229 —
1904 2175 2109 2248 Fides
2172 2154 2404 2248 multis
2466 2176 2674 2248 rebus

516 2295 810 2371 constat,
850 2290 1168 2383 plurimis
1222 2301 1586 2362 exornatur
1637 2292 2012 2366 coloribus.
2054 2291 2371 2380 AEdificio
2423 2292 2678 2385 quippe

517 2400 766 2473 similis
801 2412 931 2488 est,
971 2405 1183 2499 quod,
1226 2405 1432 2478 variis
1481 2414 1949 2478 constructum
2003 2406 2333 2492 materiis,
2375 2407 2458 2478 ad
2494 2407 2678 2478 fasti-

515 2517 705 2611 gium
743 2541 960 2614 usque
997 2522 1431 2616 exsurgit...
1483 2551 1519 2587 >2

615 2635 936 2707 Eamdem
975 2637 1347 2708 illationem
1400 2638 1680 2708 omuino
1733 2636 2024 2722 suadent
2059 2659 2212 2729 quae
2247 2658 2286 2709 a
2321 2637 2455 2709 fine
2493 2637 2681 2709 illius

516 2753 822 2824 Homilioe
854 2751 939 2822 de
974 2750 1135 2822 fidei
1174 2759 1409 2822 natura
1444 2759 1511 2823 et
1544 2751 2085 2844 proprietatibus
2138 2752 2228 2824 ita
2279 2773 2677 2846 proponun-

517 2876 628 2937 tur
656 2863 729 2963 (2)
763 2892 777 2938 :
816 2895 849 2931 «
889 2868 1052 2938 Haec
1084 2878 1192 2939 est
1225 2875 1453 2939 autem
1482 2852 1684 2950 fides,
1718 2876 1795 2939 ut
1821 2866 2054 2940 credat
2090 2868 2292 2940 homo
2330 2867 2399 2939 in
2432 2870 2674 2951 Deum,

517 3002 743 3053 rerum
780 2983 1251 3054 universarum
1289 2983 1679 3067 Dominum,
1721 2983 1838 3077 qui
1885 2984 2048 3055 fecit
2084 2985 2357 3068 coelum,
2396 2991 2672 3065 terram,

518 3099 727 3169 maria
761 3108 830 3170 et
867 3098 1094 3169 omnia
1128 3120 1281 3192 quae
1335 3098 1405 3168 in
1457 3101 1559 3171 eis
1614 3109 1799 3184 sunt,
1842 3099 1960 3193 qui
1996 3098 2324 3172 Adamum
2376 3098 2461 3169 ad
2515 3097 2677 3167 ima-

518 3214 748 3309 ginem
784 3234 976 3285 suam
1012 3213 1235 3299 finxit,
1281 3215 1399 3308 qui
1434 3216 1659 3309 legem
1711 3215 1931 3308 Moysi
1968 3214 2184 3298 dedit,
2226 3214 2343 3308 qui
2378 3213 2676 3308 prophe-

516 3336 623 3400 tas
658 3329 958 3401 reddidit
998 3329 1297 3422 Spiritus
1348 3330 1457 3401 sui
1508 3329 1884 3424 participes
1936 3345 2005 3401 et
2048 3329 2296 3402 deinde
2333 3328 2678 3401 Christum

520 3466 718 3517 suum
755 3445 825 3515 in
860 3445 1183 3516 mundum
1228 3444 1439 3517 misit.
1481 3444 1585 3515 Ad
1624 3466 1770 3517 eam
1825 3445 1992 3517 illud
2039 3466 2316 3539 quoque
2349 3443 2673 3537 pertinet,

519 3560 703 3654 quod
739 3560 1095 3632 credamus
1148 3560 1724 3633 resurrectionem
1775 3569 2198 3632 mortuorum
2245 3568 2315 3632 et
2347 3557 2679 3651 Baptismi

520 3678 1052 3749 Sacramentum.
1112 3676 1427 3769 Requirit
1473 3678 1758 3769 iusuper
1809 3675 1982 3748 fides
2032 3675 2364 3749 Ecclesiae
2424 3675 2547 3747 Dei
2608 3680 2682 3745 ut

519 3792 818 3886 quisque
848 3790 1187 3865 abstineat
1238 3793 1322 3864 ab
1374 3791 1853 3864 observatione
1905 3799 2319 3884 temporum,
2362 3790 2679 3863 sabbato-

521 3929 698 3993 rum,
738 3906 1246 3981 neomeniarum
1299 3916 1368 3981 et
1418 3928 1791 3980 annuarum
1845 3907 2378 3992 solemnitatum,
2418 3928 2457 3978 a
2507 3906 2680 3980 divi-

587 4175 661 4235 (¹)
696 4170 945 4238 Wright„
970 4183 1092 4239 pag.
1132 4180 1166 4216 ο
1213 4197 1227 4211 .

587 4289 659 4348 (2)
696 4288 900 4355 Wright
930 4327 943 4353 ‚
971 4301 1060 4353 pp.
1099 4296 1262 4336 aaa
1298 4293 1352 4341 ct
1384 4300 1540 4370 ’.ς-ο
1584 4313 1599 4327 ·
