3175 5084
1511 479 1959 545 ..303-

635 672 895 744 tionem
947 668 1192 761 injicit,
1247 668 1357 740 vel
1417 667 1689 740 duobus
1750 667 2146 739 nominibus
2208 666 2381 739 nihil
2442 667 2580 741 nisi
2637 667 2818 742 duos

636 785 945 878 ejusdem
982 783 1307 856 elementi
1361 782 1616 854 interni
1649 792 1869 854 status
1911 781 2230 875 designat
2263 778 2369 878 (ι),
2402 783 2513 853 vel
2547 782 2815 856 theolo-

636 903 791 995 gice
869 899 1269 972 considerat
1323 898 1653 990 Spiritum
1717 898 2042 968 Sanctum
2094 895 2619 983 inhabitantem,
2675 921 2816 993 quo

632 1014 999 1087 recedente
1044 1035 1170 1106 per
1221 1020 1607 1106 peccatum,
1647 1020 1955 1085 remanet
1989 1016 2175 1104 ψυχή,
2226 1011 2449 1084 anima
2507 1014 2804 1099 scilicet,

632 1139 710 1202 ut
745 1132 862 1214 ait,
904 1131 1401 1224 refrigescens,

732 1247 968 1340 Itaque
1006 1245 1342 1338 exemplis
1378 1244 1696 1316 adductis
1748 1243 1819 1315 id
1875 1243 2041 1314 mihi
2076 1242 2349 1317 videtur
2383 1243 2607 1318 solide
2642 1266 2809 1319 con-

633 1361 1001 1443 firmatum,
1044 1358 1230 1453 quod
1271 1357 1736 1441 intendebam,
1776 1358 2097 1429 nimirum
2149 1379 2189 1429 a
2241 1358 2564 1451 Sapiente
2599 1361 2812 1433 Persa

629 1475 873 1547 animae
910 1476 1220 1547 humanae
1257 1474 1589 1545 unitatem
1628 1473 1816 1545 nullo
1853 1473 2059 1545 modo
2096 1472 2360 1566 negari,
2403 1473 2553 1565 ejus
2587 1482 2812 1547 autem

629 1587 982 1660 scribendi
1020 1597 1088 1659 et
1123 1586 1514 1659 disserendi
1563 1587 1840 1658 modum
1897 1587 1998 1658 illi
2052 1588 2248 1660 valde
2300 1588 2567 1661 affinem
2621 1610 2806 1673 esse,

631 1724 769 1796 quo
806 1705 1042 1796 plures
1076 1723 1160 1774 ex
1196 1702 1501 1794 antiquis
1537 1700 1857 1773 Patribus
1891 1701 2000 1773 usi
2036 1711 2225 1773 sunt.

734 1818 975 1910 Neque
1011 1817 1240 1889 minus
1278 1816 1658 1888 indubitata
1708 1824 1817 1888 est
1865 1815 2191 1909 Aphraati
2245 1817 2487 1890 animae
2533 1818 2812 1891 immor-

629 1953 881 2035 talitaS‚
940 1974 1142 2045 quam
1198 1951 1552 2044 expressis
1607 1949 1836 2022 verbis
1892 1950 2258 2023 confitetur
2292 1947 2368 2048 (a)
2411 1975 2426 2022 :
2485 1943 2808 2056 Ιςδαξαο

628 2098 978 2190 Lai-altas?
1037 2154 1052 2172 .
1110 2097 1444 2179 'Adae-i
1510 2096 1745 2188 Luca:
1808 2094 2189 2239 φῖδιὰδο
2240 2153 2254 2169 .
2317 2095 2560 2208 ὶώοςο
2635 2126 2798 2214 ἡ

634 2308 652 2326 .
751 2242 991 2332 oni-ml
1084 2265 1289 2326 ωσι
1382 2251 1698 2333 masso
1788 2244 1931 2334 υοέ·
1985 2303 2003 2324 .
2085 2249 2234 2334 μή
2320 2278 2501 2344 μ,
2589 2279 2810 2372 unffi

633 2384 852 2475 Hujus
901 2391 1128 2454 tamen
1184 2383 1411 2454 minus
1462 2390 1847 2454 accuratam
1898 2381 2249 2453 notionem
2305 2380 2567 2469 habuit,
2625 2384 2811 2475 quod

634 2507 903 2592 spectat
936 2499 1018 2569 ad
1059 2486 1330 2591 tempus
1368 2520 1405 2568 a
1442 2506 1663 2569 morte
1698 2497 1781 2567 ad
1819 2517 2187 2589 corporum
2233 2497 2811 2581 resurrectionem

635 2614 1100 2699 intercedenS‚
1144 2614 1487 2707 siquidem
1522 2614 1784 2698 docuit,
1831 2613 2106 2686 homine
2157 2613 2481 2686 defuncto
2534 2623 2603 2687 et
2654 2616 2813 2709 Spi-

635 2729 768 2800 ritu
805 2729 1070 2801 coelesti
1116 2729 1199 2799 ad
1250 2728 1598 2800 Christum
1635 2747 1946 2812 reverso,
1988 2727 2308 2821 spiritum
2346 2729 2703 2802 animalem
2738 2729 2808 2801 in

633 2867 928 2938 corpore
981 2846 1325 2939 sepultum
1389 2866 1468 2917 ac
1529 2845 1956 2918 conscientia
2007 2844 2115 2916 sui
2166 2845 2508 2937 privatum
2546 2844 2807 2937 jacere,

697 3106 770 3166 (t)
809 3100 1234 3168 Explicationem
1262 3102 1403 3154 hanc
1425 3107 1617 3154 auctor
1648 3100 1767 3166 ipse
1801 3100 2150 3167 suppeditat,
2178 3103 2256 3154 De
2293 3102 2590 3167 principiis
2614 3101 2708 3154 lib.
2737 3060 2807 3164 n,

628 3199 748 3251 cap.
787 3187 841 3247 8,
867 3196 1019 3236 num.
1045 3186 1079 3235 ὅ
1115 3183 1337 3250 (migne,
1377 3182 1582 3235 Patrot.
1627 3182 1726 3236 Gr.
1769 3188 1810 3236 t.
1851 3185 1941 3245 xi,
1966 3183 2071 3237 col.
2113 3184 2209 3236 221
2250 3187 2450 3250 seqq.).
2494 3182 2806 3237 Docti-inam

628 3274 812 3320 autem
857 3264 932 3318 ibi
978 3263 1282 3330 expositam
1331 3262 1412 3316 sic
1457 3263 1697 3316 breviter
1742 3262 1963 3317 exhibet
2008 3264 2214 3327 Stockl,
2257 3277 2345 3329 op.
2384 3265 2502 3327 cit„
2543 3279 2598 3331 p.
2644 3266 2745 3317 306
2786 3282 2799 3317 :

628 3382 658 3410 «
696 3360 956 3426 Origenes
1003 3354 1408 3409 unterscheidet
1454 3369 1600 3408 zwar
1646 3355 1950 3423 gleichsatts
1999 3356 2271 3410 zwischen
2307 3359 2419 3410 νοῦς
2455 3357 2567 3409 und
2601 3349 2808 3427 ψυχιῖς

630 3452 762 3505 aber
801 3450 898 3501 der
932 3447 1285 3500 Untcrschied
1322 3445 1422 3514 gut
1460 3446 1572 3498 ihm
1613 3459 1718 3499 nur
1767 3446 1849 3498 als
1889 3446 1977 3499 ein
2011 3447 2563 3515 beziehungswciser‚
2602 3449 2716 3501 und
2747 3461 2810 3502 er

547 3566 553 3571 -
627 3533 832 3588 erklart
862 3530 1159 3584 densetben
1195 3529 1293 3582 aus
1321 3528 1785 3597 eigeuthiimliche
1807 3529 2015 3583 Weisc.
2061 3530 2312 3584 lusoiern
2355 3531 2596 3585 namiich
2627 3531 2684 3584 in
2708 3531 2808 3585 der

629 3622 1006 3692 griechischen
1042 3621 1278 3687 Sprache
1315 3620 1418 3673 mit
1457 3619 1583 3672 dem
1607 3621 1791 3673 Worte
1824 3611 1996 3689 ψυχή
2029 3619 2148 3673 sich
2180 3620 2279 3674 der
2304 3619 2506 3689 Begriff
2533 3621 2631 3674 der
2656 3620 2808 3678 Kaltc

627 3718 931 3781 verbumst,
957 3717 1128 3770 meint
1151 3716 1431 3785 Origenes,
1456 3717 1598 3770 auch
1623 3715 1722 3770 der
1747 3716 1903 3772 Geist
1932 3713 2085 3788 (νοῦς)
2112 3717 2193 3770 sei
2217 3717 2462 3772 dadurch
2486 3732 2583 3771 zur
2605 3711 2801 3789 ψυχᾰ,

626 3812 681 3865 d.
710 3811 746 3865 i.
774 3823 898 3864 zum
942 3808 1369 3876 Lebensprincip
1406 3809 1506 3864 der
1546 3809 1737 3863 Leibes
1778 3809 2092 3877 gewordeu‚
2135 3809 2264 3863 dass
2308 3822 2369 3864 er
2410 3811 2468 3863 in
2506 3810 2606 3864 der
2644 3811 2806 3866 Liehe

625 3895 815 3946 Gottes
852 3891 1082 3944 erkaltet
1116 3889 1216 3943 sei.
1262 3891 1492 3944 Deshatb
1538 3891 1621 3944 sei
1661 3904 1723 3946 es
1762 3890 1910 3944 deun
1949 3892 2089 3946 auch
2134 3893 2289 3947 seina
2327 3892 2593 3962 Ausgahe,
2633 3893 2804 3948 durch

626 3973 1032 4028 Fortschreiten
1069 3972 1125 4025 in
1164 3972 1262 4025 der
1305 3973 1468 4028 Liehc
1505 3976 1695 4028 Gottes
1736 3972 1854 4028 sich
1892 3973 2075 4029 dieser
2109 3975 2293 4029 seiner
2325 3975 2692 4044 Sigenscham
2716 3976 2808 4032 die
2896 3980 2903 3985 “

625 4054 737 4108 ihm
764 4055 905 4110 doch
929 4053 1379 4109 wideruatilrlich
1406 4054 1496 4121 ist,
1524 4070 1592 4110 zu
1616 4055 1950 4120 cutklciden‚
1982 4071 2073 4111 um
2098 4069 2188 4111 am
2231 4057 2380 4111 Ende
2422 4057 2629 4113 wieder
2666 4070 2806 4128 ganz

625 4137 780 4190 Geist
804 4152 871 4192 zu
894 4135 1135 4192 werden.
1157 4153 1190 4184 n

692 4237 765 4299 (Ξ)
802 4235 1057 4304 wright„
1083 4250 1135 4303 p.
1175 4248 1317 4284 ota-o
1358 4264 1372 4279 ·
