3175 5084
1156 461 1604 527 „199-

308 652 497 722 enim
535 651 958 744 temporibus
1009 651 1287 722 circiter
1335 647 1608 720 concilii
1646 646 1905 718 Nicaeni
1943 667 2022 719 ac
2055 668 2181 739 per
2214 649 2474 740 aliquot

307 766 649 839 decennia
710 766 1199 859 subsequentia
1259 764 1526 844 floruit;
1603 763 1785 834 nulla
1852 763 2063 855 igitur
2124 784 2235 834 res
2294 773 2476 836 vetat

308 885 481 975 quin
541 882 875 966 dicamuS‚
933 902 1085 953 eum
1146 892 1214 952 et
1274 901 1356 951 ex
1415 877 1815 972 parentibus
1876 878 2160 972 paganis
2220 879 2327 951 vel
2389 879 2471 950 ad

308 998 523 1069 fidem
592 1018 837 1069 recens
910 997 1266 1068 conversis
1333 1004 1557 1066 ortum
1627 994 1999 1074 habuisse,
2083 1003 2151 1065 et
2218 1002 2474 1086 partem

311 1116 561 1185 saltem
610 1113 902 1206 aliquam
954 1133 1238 1204 operum
1296 1131 1573 1182 suorum
1629 1130 1692 1179 a.
1751 1107 2073 1180 336-337
2123 1112 2478 1203 conscrip-

310 1231 536 1312 sisse;
592 1230 654 1300 ei
705 1229 907 1301 etiam
943 1228 1298 1321 aptissime
1349 1225 1763 1297 conveniunt
1815 1246 1967 1317 quae
2015 1236 2481 1319 congeruntur

311 1345 398 1415 de
468 1344 802 1436 exemplis
871 1352 936 1414 et
1005 1341 1420 1414 testimoniis
1481 1362 1516 1410 a
1581 1343 2144 1412 Dissertationum
2204 1351 2480 1413 auctore

313 1460 661 1553 allegatis,
718 1459 802 1530 de
855 1459 1171 1530 versione
1222 1456 1620 1526 Armeniaca
1670 1456 1753 1525 ab
1804 1456 1956 1547 ipso
2005 1455 2339 1538 adhibita,
2396 1457 2481 1527 de

313 1579 511 1648 vitiis
545 1577 841 1669 denique
891 1597 1042 1668 quae
1099 1574 1459 1667 redarguat
1505 1582 1574 1644 et
1628 1573 1712 1642 de
1766 1573 2070 1644 moribus
2114 1595 2190 1645 ac
2237 1574 2480 1644 ritibus

316 1696 438 1787 qui
479 1695 626 1785 ejus
664 1701 858 1764 aetate
897 1693 961 1761 in
1003 1691 1315 1761 Ecclesia
1349 1690 1720 1783 viguerint.

422 1810 858 1882 Antonellum
895 1817 1224 1902 praeterea
1262 1808 1329 1876 in
1369 1806 1680 1899 pluribus
1719 1807 2055 1879 erravisse
2099 1808 2481 1899 deprehen-

319 1928 579 1999 dimus.
656 1928 927 1997 Falsum
999 1933 1106 1995 est
1175 1924 1357 2017 quod
1429 1924 1494 1991 in
1576 1923 1799 2015 primo
1878 1944 2007 1993 suo
2083 1933 2483 2016 argumento

319 2045 609 2114 innuere
670 2042 962 2122 videtur,
1031 2041 1359 2110 Homilias
1406 2039 1760 2109 universas
1819 2037 2056 2110 eodem
2120 2059 2298 2109 anno
2355 2036 2476 2113 Gr.

320 2156 499 2241 648,
540 2181 609 2251 p.
657 2158 814 2228 Chr.
853 2153 1197 2235 336-337‚
1243 2153 1661 2245 compositas
1698 2174 1885 2236 esse;
1927 2154 2170 2224 falsum
2201 2155 2481 2246 pariter,

321 2277 392 2345 in
450 2276 587 2345 illis
633 2275 924 2367 vestigia
980 2273 1265 2365 reperiri
1316 2271 1784 2342 translationis
1841 2271 2260 2342 Armeniacae
2313 2272 2487 2342 anti-

322 2391 595 2484 quioris
629 2389 946 2461 versione
1002 2387 1177 2479 apud
1233 2387 1566 2457 Armenos
1611 2387 1880 2479 vulgata
1918 2394 1985 2457 et
2021 2386 2201 2458 circa
2238 2408 2485 2458 annum

323 2504 474 2576 432
515 2515 779 2576 exarata
820 2530 834 2574 :
881 2507 1052 2574 hanc
1102 2503 1307 2585 enim,
1365 2523 1499 2573 non
1553 2501 1773 2589 aliam,
1826 2483 1911 2570 in‘
1945 2503 2255 2573 Homiliis
2305 2523 2486 2574 com-

322 2645 568 2718 parere
606 2644 812 2714 supra
846 2618 923 2715 (1)
974 2642 1055 2692 ex
1111 2621 1343 2691 Sassio
1392 2621 1751 2712 probatum
1788 2626 1919 2702 est,
1963 2628 2287 2712 quantum
2335 2621 2487 2691 uni-

325 2741 579 2831 cuique
641 2739 808 2808 satis
858 2758 1014 2807 esse
1065 2737 1268 2808 debet
1315 2737 1399 2807 ad
1464 2758 1609 2806 eam
1670 2735 2144 2807 certitudinem
2208 2758 2360 2830 quae
2417 2738 2485 2807 in

325 2853 717 2947 hujusmodi
755 2853 960 2923 rebus
997 2853 1388 2945 requiritur.

434 2974 716 3042 Demum
752 2979 1006 3040 tantum
1046 2971 1239 3040 abest
1278 2978 1348 3039 ut
1383 2969 1578 3061 plura
1626 2991 1706 3039 ex
1757 2968 2176 3061 argumentis
2212 2989 2488 3041 enume-

328 3088 501 3158 ratis
539 3087 605 3156 id
645 3086 937 3156 efficiant
986 3085 1170 3177 quod
1227 3083 1629 3168 intenditur,
1684 3092 1759 3155 ut
1806 3093 2069 3165 contra,
2125 3086 2184 3155 si
2237 3093 2489 3158 attente

334 3201 893 3294 perpendantur,
972 3200 1086 3270 uni
1174 3200 1497 3291 Aphraati
1582 3202 2097 3272 Dissertationes
2164 3200 2497 3271 vindicari

330 3338 546 3410 posse
614 3316 977 3388 ostendant
1052 3342 1065 3384 :
1143 3316 1301 3385 talia
1375 3324 1534 3387 sunt
1614 3316 2076 3388 consideratio
2151 3317 2489 3388 variorum

330 3444 717 3523 temporum
755 3431 1003 3524 quibus
1043 3432 1176 3502 illae
1211 3431 1616 3523 prodierunt
1662 3439 1728 3503 et
1771 3432 2026 3523 ubique
2062 3431 2491 3504 observatum

334 3548 422 3617 de
475 3544 747 3616 Arianis
812 3566 1187 3638 eorumque
1249 3545 1600 3616 erroribus
1652 3545 2023 3617 silentium.
2091 3546 2186 3617 De
2241 3547 2491 3640 quibus

336 3686 490 3736 cum
539 3672 737 3734 antea
789 3662 1045 3754 pluries
1086 3663 1224 3753 jam
1280 3662 1623 3755 egerimus
1675 3662 1789 3755 (a),
1844 3663 1926 3733 ad
1984 3683 2061 3735 ea
2108 3684 2261 3756 quae
2314 3664 2496 3737 dicta

338 3787 500 3849 sunt
535 3778 859 3849 lectorem
897 3777 1328 3848 remittimus.

407 4025 480 4086 (l)
517 4025 637 4090 Pag.
665 4025 761 4076 ¹57
786 4034 902 4088 seq.

409 4108 483 4173 (2)
518 4106 648 4171 cfr„
673 4120 725 4159 v.
752 4121 828 4173 g„
857 4120 948 4172 pp.
979 4107 1044 4158 66
1068 4119 1245 4173 seqq,
1271 4109 1335 4159 74
1358 4119 1509 4175 seqq.

55 5051 64 5054 -
113 5015 366 5054 „J-Ll'nt„...-1
397 5051 422 5055 ..
483 5053 488 5054 .
567 5047 574 5056 .
