3175 5084
357 778 481 850 xl.

286 966 297 970 ’
360 1007 513 1077 xn.

1225 459 1676 568 &¹¹53-

581 647 803 721 Editio
836 649 1121 737 syriaca
1163 672 1181 715 .-

642 779 740 850 De
770 779 1326 869 circumcisione.

646 1007 742 1078 De
779 957 1141 1099 paschate?

365 1239 550 1308 XIII.
647 1240 745 1312 De
785 1240 1092 1312 sabbato,

360 1702 501 1774 XV.

358 1472 533 1547 XIV.
648 1472 956 1566 Epistola
1009 1475 1397 1546 exhortato-

644 1607 767 1657 ria.

652 1703 746 1774 Dc
798 1702 1250 1777 distinctione
1304 1705 1397 1777 ci·

649 1819 913 1891 borum.

360 2280 534 2352 XVI.
647 2281 745 2353 De
833 2282 1155 2376 gentibus
1241 2307 1394 2378 quae

644 2402 804 2468 sunt
839 2398 992 2471 loco
1020 2400 1253 2493 populi
1293 2402 1391 2473 Is·

643 2509 1054 2585 raelitarum.

358 2625 568 2697 XVII.
638 2626 737 2697 De
755 2626 1029 2699 Christo
1047 2629 1166 2701 Dei
1188 2630 1384 2703 Filio.

358 2972 600 3044 XVIII.
646 2972 897 3047 Contra
946 2974 1224 3047 Judaeos
1309 2974 1394 3047 de

639 3089 1030 3183 virginitate
1080 3100 1147 3163 et
1195 3113 1391 3164 sanc·

642 3205 855 3278 titate.

356 3550 539 3622 XIX.
643 3551 894 3626 Contra
933 3557 1237 3642 Judaeos‚
1289 3558 1391 3629 di·

642 3679 878 3742 centes
906 3671 1053 3744 fore
1071 3681 1145 3744 ut
1164 3674 1393 3746 denuo

644 3794 1172 3881 congregentur.

1699 645 1919 719 Editio
1956 648 2253 725 Romana
2296 673 2315 718 .·

1493 775 1609 844 XI.

1769 777 1867 848 De
1997 777 2525 852 circumcisione

1678 895 1684 901 '
1769 901 2006 963 contra
2040 895 2077 965 J
2085 893 2344 967 udaeos.

1491 1006 1643 1077 XII.

1491 1237 1673 1307 XIII.

1490 1468 1665 1540 xlv.

1489 1696 1631 1768 XV.

1487 2276 1659 2349 XVI.

1485 2626 1634 2698 XVI
1642 2623 1691 2699 I.

1486 2971 1722 3044 xv111.

1483 3547 1662 3619 XIX.

1774 1009 1871 1080 De
1939 1009 2223 1082 sabbato
2289 1018 2525 1083 contra

1769 1124 2073 1197 Judaeos.

1768 1239 1865 1311 De
1918 1241 2362 1316 distinctione
2423 1245 2518 1316 ci·

1773 1355 2037 1430 borum.

1775 1470 1873 1541 Dc
1907 1472 2252 1563 paschate.

1776 1701 2521 1797 Deingressugentium

1772 1837 1899 1907 pro
1947 1820 2203 1911 populo
2248 1820 2522 1892 Jndaeo·

1773 1951 1944 2017 rum,
1962 1954 2084 2004 seu
2107 1933 2191 2005 de
2217 1936 2518 2027 gentium

1773 2050 2126 2121 vocatione
2173 2059 2241 2122 et
2284 2072 2521 2143 repro-

1772 2164 2044 2239 batione
2098 2167 2514 2243 Judaeorum.

1773 2277 2119 2352 Christum
2139 2283 2259 2353 Dei
2275 2283 2520 2354 Filium

1768 2416 1924 2467 esse
1983 2397 2510 2471 demonstratur.

1764 2629 1860 2700 De
1961 2628 2351 2723 virginitate
2453 2638 2521 2702 et

1768 2743 2125 2815 sanctitate
2153 2753 2389 2816 contra
2404 2746 2441 2815 J
2448 2767 2519 2816 u-

1765 2859 1979 2931 daeos.

1769 2974 2111 3047 Refutatio
2188 2973 2519 3046 adversus

1763 3089 2043 3160 Judaeos
2085 3145 2101 3172 ‚
2209 3087 2520 3162 dicentes

1765 3203 2161 3296 propediem
2216 3223 2513 3297 synago·-

1765 3340 1921 3412 gam
2009 3320 2512 3395 instaurandam

1765 3452 1948 3505 esse.

1767 3549 1864 3621 De
1959 3549 2365 3623 adversitate
2452 3559 2521 3621 et

1767 3665 2288 3751 schismatibus»,
2364 3688 2516 3759 quae

1762 3788 1923 3852 sunt
1957 3782 2205 3853 alicubi
2246 3778 2320 3855 in
2358 3803 2515 3875 pro·
2621 3826 2626 3831 -

1762 3897 2035 3981 vinciis,
2071 3907 2139 3970 et
2169 3899 2254 3971 de
2283 3919 2521 3991 super-

1766 4013 1900 4096 bia,
1965 4000 2350 4107 arrogantia
2420 4021 2518 4083 at·

1749 4149 1900 4220 que
1958 4129 2326 4201 certamine
2380 4130 2515 4200 ela-

1766 4243 1974 4315 tionis
2003 4245 2313 4337 capitalis
2335 4245 2518 4338 prin·

1767 4358 2058 4451 cipatus.
