3175 5084
168 0 195 14 ι*

203 2 235 66 κθ,

1211 504 1660 571 -215-

344 679 596 771 fuisset
629 696 1111 791 excogitatum.
1154 724 1189 759 »
1226 693 1313 766 At
1348 695 1466 788 qui
1501 694 1661 765 talia
1698 691 1917 765 effutit
1951 712 2096 764 rem
2131 709 2261 761 non
2299 689 2504 762 habet

345 816 519 887 satis
577 822 1029 909 perspectam.
1106 811 1573 884 Mardochaeus
1634 820 1709 883 ut
1776 811 1881 881 vir
1937 809 2167 901 justus
2236 816 2304 879 et
2363 806 2502 901 legi

347 932 661 1004 addictus
721 940 885 1004 tunc
936 931 1100 1024 egit.
1153 928 1372 1022 Impio
1419 926 1658 999 Amani
1715 948 1849 999 non
1895 926 2294 1006 assurrexit,
2346 922 2506 1015 quia

350 1047 827 1118 considerabat
874 1047 1167 1127 Saulem,
1230 1065 1552 1137 proavum
1606 1065 1828 1127 suum,
1872 1062 1954 1114 eo
2003 1040 2187 1135 quod
2238 1037 2511 1110 miseri-

350 1162 651 1233 cordiam
705 1162 773 1232 in
835 1181 1063 1253 regem
1110 1159 1330 1254 Agag,
1389 1158 1668 1248 Amanis
1717 1158 2253 1251 progenitorem,
2314 1174 2509 1227 exer·-

351 1278 637 1362 cuisset,
672 1278 849 1350 solio
881 1277 1216 1370 privatum
1235 1296 1405 1348 -esse
1433 1284 1500 1347 et
1528 1275 1824 1347 divinam
1854 1274 1921 1344 in
1951 1295 2028 1345 se
2054 1269 2510 1364 concitavisse

353 1395 546 1464 iram.
591 1395 782 1466 Sicut
828 1403 1049 1465 autem
1100 1394 1168 1462 in
1216 1392 1485 1478 Saulem
1539 1392 1793 1464 exarsit
1842 1389 2188 1462 iracundia
2225 1389 2375 1469 Dei,
2417 1385 2509 1457 ita

353 1511 725 1583 exarsisset
759 1518 825 1582 et
870 1510 939 1579 in
977 1508 1504 1591 Mardochaeum,
1549 1507 1608 1579 si
1666 1506 1777 1577 hic
1830 1506 2137 1599 iniquum
2188 1503 2509 1573 Amanem

354 1628 613 1697 honore
649 1626 970 1718 dignatus
1009 1632 1222 1695 esset.

454 1741 596 1833 Age
630 1762 816 1823 vero,
857 1741 1095 1822 amice,
1139 1761 1347 1832 quare
1382 1738 1655 1809 Amalec
1691 1759 1834 1830 prae
1870 1737 2189 1809 omnibus
2225 1734 2512 1827 reliquis

353 1858 629 1950 populis
684 1856 920 1927 Israeli
970 1855 1297 1940 occurrit,
1340 1865 1413 1927 ut
1466 1875 1619 1925 cum
1664 1875 1747 1925 eo
1783 1853 2182 1924 dimicaret?
2224 1892 2313 1903 --
2351 1850 2515 1921 Haec

357 1973 670 2044 nimirum
720 1992 956 2043 secum
1006 1971 1345 2062 reputavit
1388 1996 1402 2039 ε
1452 1999 1486 2035 «
1523 1969 1995 2064 Egrediamur,
2048 1967 2302 2040 bellum
2354 1965 2515 2036 filiis

353 2089 589 2160 Jacobi
628 2088 1034 2170 inferamus;
1073 2095 1143 2158 et
1177 2086 1388 2157 Isaaci
1443 2084 1962 2158 benedictiones
2014 2085 2082 2154 in
2135 2083 2237 2155 eis
2288 2081 2517 2153 irritas

355 2205 747 2276 reddemus.
791 2232 827 2268 »
867 2203 1374 2274 Reformidabat
1410 2202 1589 2273 enim
1629 2200 2158 2274 dominationem
2216 2198 2511 2269 filiorum

355 2318 623 2402 Jacobi,
692 2340 773 2390 eo
837 2319 1019 2411 quod
1086 2317 1213 2388 ista
1272 2318 1549 2389 Isaacus
1611 2319 1830 2388 Esavo
1888 2315 2300 2409 praedixerat
2359 2308 2434 2407 (1)
2490 2336 2504 2380 :

355 2438 612 2517 Iacobo,
654 2433 866 2529 fratri
901 2443 1014 2504 tuo
1047 2436 1341 2519 servies5
1381 2432 1501 2503 sed
1524 2434 1587 2501 si
1613 2452 1970 2502 conversus
2002 2427 2248 2524 fueris,
2281 2449 2325 2497 a
2351 2428 2516 2497 collo

357 2563 472 2622 tuo
521 2552 876 2639 auferetur
897 2551 1144 2639 jugum
1190 2550 1361 2638 ejus
1405 2546 1963 2619 Animadvertere
2012 2564 2220 2637 porro
2267 2542 2506 2625 debeS,

355 2668 629 2739 Amalec
680 2688 763 2737 ex
813 2664 1193 2737 concubina
1241 2664 1542 2757 Eliphaz,
1586 2663 1709 2733 filii
1763 2663 1990 2746 Esavi,
2044 2666 2273 2732 natum
2324 2678 2504 2732 esse.

357 2783 645 2855 Nolebat
678 2788 899 2852 autem
934 2780 1230 2872 posteris
1264 2779 1500 2852 Jacobi
1538 2779 1817 2852 servire.

457 2898 632 2985 Quid
684 2898 881 2969 etiam
933 2918 1156 2969 causae
1211 2905 1343 2980 est,
1388 2896 1770 2978 carissime,
1813 2916 1935 2966 cur
1987 2896 2258 2966 Isaacus
2295 2894 2515 2966 Esavo

358 3016 606 3087 dixerit
671 3040 684 3085 :
754 3017 985 3086 Fratri
1045 3024 1159 3086 tuo
1215 3016 1447 3085 Iacobo
1505 3013 1805 3084 servies?
1871 3054 1963 3065 --
2017 3012 2112 3082 Ea
2159 3019 2267 3083 est
2313 3010 2514 3083 istius

357 3129 827 3224 praedictionis
883 3130 1081 3211 ratio,
1138 3130 1320 3222 quod
1384 3131 1646 3201 Esavus
1694 3148 1953 3200 uxores
2000 3126 2386 3219 accepisset
2434 3147 2514 3198 ex

361 3244 627 3316 filiabus
683 3243 1020 3326 Chanaan,
1065 3244 1173 3314 cui
1227 3243 1547 3316 Noachus
1596 3264 1759 3315 avus
1810 3242 1999 3314 hisce
2034 3240 2264 3313 verbis
2312 3242 2516 3313 male-

359 3361 619 3433 dixerat
649 3356 721 3457 (2)
763 3385 778 3429 :
822 3363 1071 3431 Servus
1093 3382 1442 3432 servorum
1475 3363 1613 3432 eris
1646 3358 1944 3454 fatribus
1980 3361 2143 3429 tuis.
2189 3358 2519 3444 Quoniam

360 3477 588 3568 itaque
623 3482 951 3546 noverant
979 3474 1402 3557 Abrabamus
1440 3483 1508 3546 et
1545 3457 1819 3545 Isaacus
1857 3473 2275 3545 chananaeos
2312 3473 2517 3545 male-

361 3589 644 3661 dictioni
707 3587 1087 3679 subjacere‚
1156 3590 1397 3661 horum
1449 3588 1625 3660 filias
1673 3587 1835 3659 filiis
1885 3586 2031 3658 suis
2079 3607 2330 3659 uxores
2383 3608 2517 3661 non

362 3715 842 3800 sumpserunt3
909 3727 1025 3778 eas
1086 3707 1352 3780 scilicet
1413 3728 1542 3779 nec
1596 3705 2021 3779 Abrahamus
2082 3707 2340 3791 Isaaco,
2394 3728 2521 3780 nec

363 3827 635 3897 Isaacus
672 3824 930 3896 Jacobo
967 3825 1397 3897 matrimonio
1425 3825 1824 3916 junxerunt,
1867 3842 1952 3895 ne
1989 3822 2520 3895 chananaeorum

366 3961 624 4025 semen,
684 3939 1146 4013 maledictioni
1201 3940 1607 4032 subjectum,
1663 3939 2068 4012 misceretur
2125 3958 2279 4012 cum
2341 3939 2526 4013 Semi

434 4224 508 4285 (l)
546 4222 735 4276 Ganos.
763 4222 959 4285 xxvn,
985 4222 1067 4274 ιο.

436 4306 509 4376 (2)
549 4304 737 4359 cenes.
764 4305 848 4368 ix,
875 4304 958 4357 25.
