3175 5084
1334 454 1782 520 -217-

1128 803 1437 884 CAPUT
1491 800 1973 883 ALTERUM.

539 1030 630 1087 DE
680 1026 1079 1087 APHRAATIS
1129 1023 1491 1086 DOCTRINA
1542 1023 1861 1095 EJUSQUE
1914 1023 2365 1083 nominalium
2420 1024 2558 1083 USU

1022 1142 1432 1205 DOGMATlco
1494 1144 1582 1201 ET
1638 1143 2066 1203 ExEGETIGo.

1299 1340 1731 1388 ARTIGULUS
1757 1340 1802 1385 1.

471 1488 614 1570 Qua
637 1487 999 1567 occasione,
1028 1503 1236 1575 quove
1258 1483 1532 1553 consilio
1552 1482 1935 1572 Aphraates
1966 1481 2288 1551 Humilia-s
2313 1480 2624 1559 ediderit,

766 1610 831 1674 ct
864 1622 1180 1693 quaenam
1213 1602 1308 1672 sit
1340 1600 1678 1689 qenai-alis
1713 1601 2004 1670 istarum
2043 1598 2323 1669 indole-³.

563 1822 660 1892 De
689 1819 1003 1892 doctrina
1038 1815 1380 1912 Sapientis
1434 1817 1663 1889 Persae
1702 1836 1881 1887 nunc
1936 1814 2234 1885 breviter
2284 1811 2623 1906 agendum

466 1935 665 2007 nobis
733 1944 863 2006 est.
944 1930 1147 2023 Quod
1218 1933 1510 2011 facilius,
1579 1931 1715 2005 nisi
1780 1930 2004 2014 fallor,
2071 1939 2138 2002 et
2210 1929 2623 2000 luculentius

463 2050 921 2143 praestabitur,
977 2048 1039 2121 si
1092 2048 1285 2141 prius
1346 2046 1888 2119 lucubrationum
1948 2044 2095 2136 ejus
2154 2042 2615 2120 occasionem,

462 2187 772 2258 scopum,
847 2166 1370 2259 generalemque
1438 2163 1768 2245 indolem,
1846 2183 1926 2234 ea
1993 2184 2125 2255 qua
2194 2181 2308 2231 res
2378 2157 2616 2253 perfici

460 2283 712 2371 poterit
748 2280 1157 2375 diligentia,
1217 2278 1647 2373 inquisierim
1699 2284 1903 2370 atque
1953 2275 2459 2370 explicaverim.
2517 2270 2619 2344 Ex

461 2395 568 2467 bis
617 2398 797 2468 enim
860 2395 1167 2489 apprime
1229 2393 1529 2488 cognitis
1591 2391 2116 2485 perspectisque
2177 2389 2324 2461 fieri
2389 2389 2624 2481 nequit

461 2511 827 2605 quominus
864 2511 1140 2605 aliquod
1196 2511 1436 2582 saltem
1489 2510 1717 2579 lumen
1754 2507 2138 2579 affundatur
2171 2504 2614 2584 testimoniis,

460 2648 612 2719 quae
649 2626 942 2699 subinde
978 2626 1461 2718 producemus,
1507 2621 1972 2695 examinandis
2008 2631 2076 2692 et
2121 2617 2613 2711 intelligendis.

801 2894 836 2987 ἓ
891 2896 960 2967 1.
1020 2917 1099 2966 DE
1147 2916 1532 2966 uommaum
1585 2913 1918 2965 occAsloNE
1971 2915 2045 2964 m
2096 2874 2298 2966 FINE.-

557 3095 747 3168 Haud
785 3096 998 3167 semel
1026 3095 1164 3186 Jam
1216 3095 1599 3166 notavimus
1641 3094 1875 3187 plures
1924 3114 2005 3165 ex
2056 3094 2417 3185 Aphraatis
2468 3097 2619 3165 Dis·

451 3213 935 3283 ser-tationibus
986 3211 1055 3280 in
1108 3211 1287 3282 hunc
1350 3210 1549 3283 finem
1609 3218 1914 3282 exaratas
1973 3231 2154 3293 esse,
2212 3218 2285 3280 ut
2333 3232 2458 3303 per
2504 3230 2620 3282 eas
2692 3291 2693 3294 Ἴ

453 3326 765 3419 quaesitis
816 3325 1165 3417 cujusdam
1216 3326 1457 3408 amici,
1521 3326 1586 3395 in
1640 3334 1819 3398 statu
1871 3326 2248 3398 monastico
2301 3326 2618 3420 degentis

437 3452 519 3517 et
580 3442 974 3535 perfectiori
1037 3433 1553 3534 disciplinarum
1616 3442 2136 3514 christianarum
2201 3442 2617 3534 indagationi

449 3556 721 3642 intenti,
766 3558 1022 3629 solutio
1059 3557 1640 3652 suppeditaretur.
1677 3556 1894 3648 Hujus
1931 3560 2321 3649 Epi-stolam,
2365 3579 2497 3651 qua
2532 3559 2618 3630 de

449 3672 584 3745 fide
638 3659 990 3745 salutifera
1040 3683 1107 3745 et
1152 3674 1477 3767 operibus
1533 3694 1615 3745 ex
1665 3694 1744 3745 ea
1792 3673 2291 3766 prodeuntibus
2346 3675 2618 3747 diversa

448 3790 881 3871 sciscitatur,
960 3811 1168 3882 supra
1232 3787 1308 3887 (ι)
1376 3789 1844 3873 recitavimus;
1927 3789 2283 3884 ipsamque
2350 3791 2616 3862 auctori

448 3912 686 3976 nostro
722 3904 1154 3977 occasionem
1190 3905 1409 3978 fuisse
1447 3914 1519 3977 ut
1544 3908 1995 3978 Romiliarum
2024 3927 2297 3978 suarum
2327 3906 2611 3998 primam

447 4040 599 4113 quae
655 4022 748 4093 Dc
804 4021 940 4110 lide
997 4020 1165 4114 agit,
1234 4030 1702 4113 componeret,
1772 4029 2006 4115 aperte
2070 4027 2611 4093 commonstrant

514 4285 587 4346 (l)
628 4286 783 4351 pagg.
810 4286 876 4336 68
901 4288 954 4337 et
978 4284 1061 4336 69.
