3175 5084
431 664 615 735 landi
670 663 1059 737 facultatem
1116 663 1458 736 tribuente
1510 663 1771 759 Spiritu
1825 683 2028 758 quem
2061 662 2445 749 induerint,
2495 685 2599 739 re·

429 788 776 873 gnumque
811 778 997 873 quod
1036 778 1211 872 ipsis
1246 778 1330 851 ab
1358 778 1556 852 initio
1591 788 2049 874 praeparatum
2084 787 2191 853 est
2224 779 2591 873 accipient.

430 894 776 967 Animales
829 903 1069 967 contra
1122 895 1190 966 in
1244 903 1425 968 terra
1478 897 1872 982 manebunt,
1914 917 2280 991 corporum
2317 918 2599 971 suorum

428 1011 761 1106 gravitate
819 1011 1118 1097 detenti,
1176 1012 1737 1107 descendentque
1788 1013 1857 1085 in
1907 1012 2246 1086 infernum
2297 1013 2413 1086 ubi
2468 1015 2602 1089 erit

427 1123 633 1199 fletus
670 1134 741 1200 et
775 1126 1037 1200 stridor
1070 1127 1403 1202 dentium.
1456 1157 1493 1193 »

524 1241 750 1338 Atque
786 1243 934 1317 baec
974 1244 1263 1338 Sapiens
1300 1247 1537 1319 Persa.
1578 1246 1655 1316 In
1709 1244 1840 1317 ista
1890 1251 2114 1318 autem
2167 1244 2599 1340 expositione

429 1359 738 1454 quaedam
775 1369 1105 1455 apparent
1140 1361 1434 1435 obscura
1484 1361 1655 1434 satis
1692 1370 1761 1435 et
1794 1361 2135 1448 intricata,
2176 1383 2332 1457 quae
2386 1363 2598 1436 Geor-

430 1475 613 1569 gius,
652 1474 950 1548 Arabum
1005 1476 1419 1572 Episcopus,
1474 1498 1714 1551 severe
1767 1485 1957 1550 notat
2007 1485 2078 1551 et
2125 1479 2594 1572 reprehendit.
2636 1572 2641 1577 ᾗ

429 1591 667 1685 Neque
744 1598 968 1665 tamen
1050 1593 1277 1666 omnia
1351 1592 1733 1665 damnanda
1814 1602 2026 1677 sunt;
2109 1593 2248 1667 imo
2328 1595 2602 1670 videtur

429 1704 806 1800 Aphraates
861 1717 929 1780 et
981 1708 1096 1781 bic
1144 1730 1325 1781 verae
1374 1708 1711 1781 doctrinae
1769 1709 2148 1803 generatim
2205 1709 2595 1796 inhaesisse,

431 1844 556 1896 nec
605 1825 740 1896 nisi
794 1824 858 1896 in
914 1847 1050 1898 uno
1099 1826 1398 1900 alterove
1459 1826 1685 1919 capite
1732 1825 2239 1899 dormitavisse.
2303 1826 2603 1901 Plurima

430 1939 745 2013 nimirum
810 1963 963 2037 quae
1026 1942 1096 2013 in
1158 1941 1721 2015 antecedentibus
1784 1942 2007 2036 primo
2065 1942 2313 2016 intuitu
2376 1943 2602 2017 minus

431 2065 739 2129 accurata
797 2057 1141 2143 videntur,
1204 2058 1382 2130 baud
1447 2058 1782 2131 modicam
1846 2058 2066 2131 lucem
2122 2059 2495 2152 accipiunt,
2538 2059 2601 2133 si

431 2172 898 2264 expendantur
926 2165 1328 2267 diligentius
1365 2182 1432 2245 et
1467 2174 1850 2266 praesertim
1880 2195 2033 2247 cum
2073 2174 2278 2247 dictis
2314 2174 2600 2248 aliorum

431 2289 705 2361 Patrum
742 2289 1051 2382 ejusdem
1086 2291 1192 2362 vel
1232 2290 1614 2384 superioris
1649 2291 1870 2364 aetatis
1903 2290 2369 2364 conferantur.

529 2402 875 2496 Imprimis
926 2404 1155 2497 itaque
1192 2406 1624 2478 manifestum
1663 2414 1769 2477 est
1805 2406 1888 2477 ab
1928 2404 2266 2499 Aphraate
2317 2407 2493 2479 duos
2531 2407 2600 2479 in

430 2518 704 2591 homine
731 2518 1120 2595 Christiano
1150 2520 1483 2614 distingui
1512 2520 1802 2613 spiritus
1838 2545 1851 2589 1
1886 2523 2252 2593 animalem
2281 2523 2596 2608 alterum,

430 2656 566 2726 quo
617 2634 823 2706 vitam
876 2634 1172 2728 primum
1229 2636 1703 2729 adipiscimur,
1745 2637 2032 2709 alterum
2084 2639 2439 2722 coelestem,
2482 2639 2600 2731 qui

427 2757 712 2822 vocatur
739 2751 942 2823 etiam
978 2753 1281 2842 Spiritus
1315 2754 1608 2823 Sanctus
1628 2760 1712 2830 et
1745 2753 2041 2842 Spiritus
2071 2754 2349 2825 Christi.
2387 2754 2601 2826 Porro

428 2871 994 2962 quemadmodum
1033 2872 1227 2964 prior
1274 2880 1382 2944 est
1428 2863 1577 2966 ipsa
1614 2872 1834 2943 anima
1869 2872 2183 2952 humana,
2226 2891 2362 2942 non
2402 2870 2601 2943 intel-

427 2984 687 3081 ligendi
750 2996 1007 3060 tantum
1069 2997 1135 3059 et
1198 2989 1508 3072 volendi,
1574 2988 1697 3061 sed
1760 2988 2253 3085 cujuscumque
2311 2987 2469 3059 vitae
2529 2987 2600 3059 in

428 3122 716 3198 corpore
752 3105 1077 3198 organico
1113 3106 1556 3199 principium,
1595 3106 1685 3177 ita
1714 3104 1831 3198 qui
1871 3105 1968 3175 illi
2008 3103 2300 3176 subinde
2336 3103 2604 3176 accedit

430 3220 729 3312 Spiritus
765 3222 1072 3294 coelestis
1126 3221 1299 3293 nibil
1335 3222 1518 3293 aliud
1557 3228 1665 3294 est
1700 3242 1902 3313 quam
1941 3217 2241 3312 Spiritus
2277 3219 2595 3305 Sanctus,

430 3336 652 3408 omnis
703 3336 865 3408 boni
921 3337 1464 3430 supernaturalis
1517 3336 1588 3406 in
1644 3334 1965 3407 fidelibus
2024 3334 2182 3406 fons
2243 3342 2311 3407 et
2368 3334 2596 3429 origo,

428 3471 549 3522 seu
609 3451 809 3523 tertia
871 3451 993 3524 SS.
1060 3450 1415 3523 Trinitatis
1475 3471 1797 3544 persona,
1867 3457 2202 3543 quatenus
2264 3449 2424 3522 huic
2480 3472 2603 3543 por

426 3569 1064 3658 appropriationem,
1111 3574 1186 3639 ut
1221 3565 1434 3651 aiunt,
1478 3566 1873 3638 attribuitur
1922 3563 2160 3659 gratiae
2212 3573 2346 3637 tam
2380 3571 2603 3659 pratis

428 3685 607 3757 datoe
641 3706 843 3779 quam
877 3696 1153 3776 qratam
1185 3686 1505 3774 facientis
1552 3683 1856 3778 largitio.
1899 3684 2341 3779 Nequaquam
2392 3684 2606 3778 igitur

431 3801 524 3872 ita
557 3801 956 3896 accipienda
991 3812 1152 3876 sunt
1184 3803 1393 3875 verba
1444 3823 1654 3896 supra
1706 3802 1998 3875 adducta
2047 3823 2128 3874 ac
2178 3802 2240 3875 si
2293 3801 2489 3874 binas
2534 3802 2605 3874 in

428 4032 1047 4126 ΙὸῦὶΧ-ὶῗιόΔ-ιδο
1101 4026 1331 4108 hia-‘te
1392 4081 1408 4099 .
1463 4044 1694 4113 &aaa
1751 4045 1906 4126 <Aa
1977 4030 2340 4129 &en->⁴0⁶¹
2401 4030 2603 4125 ἶρ-Ᾰ-δφ

353 4222 358 4227 ,
427 4164 584 4235 ha:
619 4159 723 4237 Ιόσι
775 4178 1015 4257 (haze.
1052 4165 1313 4228 &m
1351 4166 1530 4263 Kena>
1568 4190 1825 4261 <ammo
1873 4211 1889 4227 .
1926 4161 2602 4262 &conjnx-HQ

2132 4287 2324 4369 φῶ
2371 4303 2597 4360 ωδε-ιθ
