3175 5084
1242 539 1701 607 ...339-

375 736 804 805 vehementer
852 733 1296 812 extimo-scite,
1336 732 1440 802 ait
1500 729 1853 801 Dominus.
1922 729 2068 800 Duo
2118 730 2298 800 enim
2358 714 2547 801 malci

279 896 283 901 ,
373 845 541 942 fecit
573 848 865 937 populus
898 868 1090 918 meus
1130 872 1150 917 .·
1188 867 1295 916 me
1327 846 1864 935 dereliquerunt,
1902 842 2156 938 fontem
2207 866 2548 937 aquarum

377 962 695 1035 vivarum
747 975 813 1036 et
870 966 1193 1036 abeuntes
1241 964 1560 1052 foderunt
1612 964 1743 1033 sibi
1794 956 2156 1045 cisternas,
2213 965 2550 1035 cisternas

367 1082 721 1170 diruptas,
761 1082 836 1150 in
882 1100 1056 1170 quas
1102 1099 1354 1170 aquam
1408 1080 1720 1168 colliqere
1772 1089 2141 1169 nequeunt.
2199 1077 2546 1151 Cisterna-

379 1217 528 1266 rum
578 1195 1002 1288 diruptarum
1057 1194 1333 1266 nomine
1384 1193 1818 1288 significatur
1876 1194 2218 1266 idolorum
2279 1197 2538 1278 cultus;

378 1310 536 1381 coeli
573 1310 1031 1402 obstupefacti
1069 1318 1230 1383 sunt
1265 1330 1347 1381 eo
1385 1309 1568 1402 quod
1606 1309 1917 1381 colerent
1944 1308 2166 1382 Judaei
2201 1311 2547 1384 exercitus

364 1425 569 1509 coeli;
645 1446 885 1517 poenas
963 1424 1169 1495 iidem
1249 1422 1627 1506 dederunt,
1710 1424 2051 1517 siquidem
2135 1426 2545 1499 membranae

377 1542 594 1613 instar
630 1541 917 1614 involuti
955 1550 1117 1612 sunt
1151 1548 1221 1613 et
1254 1540 1361 1611 vis
1399 1560 1637 1611 eorum
1676 1539 1959 1612 decidit.

476 1657 666 1729 Hanc
720 1676 988 1728 omnem
1021 1656 1585 1747 disputationem,
1627 1676 1826 1748 quam
1881 1676 2090 1748 supra
2141 1655 2377 1738 habeS,
2418 1656 2543 1727 tibi

369 1771 791 1865 conscripsi,
834 1770 1216 1862 carissime,
1255 1772 1414 1864 quia
1461 1770 1744 1842 Judaeus
1792 1771 2070 1863 quidam
2106 1770 2269 1842 filiis
2304 1771 2541 1864 populi

374 1887 597 1959 nostri
632 1886 1057 1959 conviciatus
1097 1897 1267 1958 erat.
1314 1886 1680 1968 Caeterum,
1721 1897 1928 1978 prout
1975 1892 2246 1977 potem,
2306 1894 2537 1957 osten—

369 2003 528 2073 dam
557 2001 682 2074 tibi
720 2023 841 2075 eos
879 2002 997 2096 qui
1033 2001 1252 2073 vexati
1292 2000 1559 2072 fuerant
1588 2021 1829 2093 magna
1866 2000 2182 2072 mercede
2217 1999 2534 2082 donatos,

370 2127 857 2210 persecutores
926 2126 1148 2188 autem
1220 2115 1599 2210 ignominia
1669 2123 1738 2187 et
1803 2123 2198 2207 contemptu
2259 2115 2544 2189 affectos

371 2233 616 2305 fuisse.
2442 2260 2447 2266 ·

471 2348 769 2419 Jacobus
817 2345 1373 2439 persecutionem
1428 2344 1664 2426 subiit,
1705 2355 1773 2416 et
1824 2346 2085 2415 Esavus
2139 2353 2545 2436 persecutor

369 2464 499 2533 fuit
534 2488 548 2533 :
584 2463 882 2534 Jacobus
920 2462 1191 2556 accepit
1224 2462 1744 2534 benedictiones
1783 2471 1850 2537 et
1884 2462 2326 2556 primogeniti
2354 2463 2534 2554 jura,

369 2564 440 2649 “et
472 2579 734 2649 Esavus
772 2586 1059 2670 utraque
1111 2598 1185 2649 re
1238 2578 1577 2670 spoliatus
1629 2586 1759 2650 est.
1813 2578 2162 2670 Josepbus
2216 2574 2539 2670 persecu‘·

369 2694 626 2764 tionem
663 2715 912 2785 passus
951 2700 1083 2776 est,
1119 2701 1187 2764 et
1213 2692 1458 2764 fratres
1495 2692 1644 2784 ejus
1682 2703 2163 2785 persecutores
2199 2693 2473 2765 fuerunt
2518 2719 2533 2763 :

359 2807 715 2900 <Iosephus
753 2817 1030 2879 evectus
1069 2814 1200 2889 est,
1246 2807 1467 2899 ipsius
1519 2816 1742 2879 autem
1782 2817 2265 2900 persecutores
2301 2808 2540 2880 adora-

333 2931 614 3003 „verunt
669 2944 822 2994 eum
885 2933 953 2994 et
1014 2921 1161 3014 ejus
1227 2923 1494 2994 somnia
1554 2932 1758 3016 atque
1817 2923 2123 2995 visiones
2174 2922 2541 3016 adimpleta

371 3048 556 3109 sunt.
633 3040 848 3110 Porro
918 3039 1266 3130 Josephus
1345 3047 1628 3110 vexatus
1707 3037 2091 3111 similitudo
2168 3038 2295 3110 fuit
2374 3040 2539 3111 Jesu

369 3151 670 3246 (Christi)
719 3152 1187 3245 persecutioni
1236 3151 1516 3224 obnoxii
1575 3177 1589 3223 ε
1649 3153 2025 3245 Josephum
2076 3152 2297 3223 induit
2347 3160 2541 3244 pater

369 3268 599 3340 tunica
647 3268 976 3339 manicata
1035 3277 1238 3361 atque
1304 3268 1668 3353 fimbriata,
1725 3279 1793 3341 et
1837 3271 2041 3341 Jesus
2104 3288 2394 3361 corpore
2455 3290 2537 3341 ex

363 3384 635 3476 *virgine
670 3394 1025 3476 assumpto
1063 3406 1103 3455 a
1138 3386 1337 3457 Patre
1374 3384 1656 3457 indutus
1694 3393 1832 3468 est;
1891 3386 2234 3478 Josephus
2272 3406 2307 3456 a
2343 3392 2536 3478 patre

369 3499 514 3590 prae
548 3498 872 3570 fratribus
909 3497 1347 3591 diligebatur,
1387 3509 1456 3571 et
1486 3500 1722 3571 Jesum
1776 3521 2025 3593 magno
2073 3520 2301 3571 amore
2336 3500 2539 3571 Pater

367 3613 845 3707 prosequitur;
913 3612 1259 3705 Josephus
1320 3612 1610 3685 somniis
1672 3622 1741 3685 et
1797 3613 2185 3686 visionibus
2241 3614 2535 3685 donatus

368 3729 520 3813 fuit,
589 3737 658 3801 et
714 3730 919 3801 Jesus
979 3728 1292 3801 visiones·
1355 3738 1560 3822 atque
1628 3731 2030 3823 prophetias
2097 3729 2529 3822 adimplevit;

357 3843 712 3936 Josephus
764 3865 918 3914 cum
970 3842 1294 3915 fratribus
1332 3844 1479 3915 suis
1516 3864 1799 3938 gregem
1832 3845 2180 3937 pascebat,
2224 3854 2293 3915 et
2324 3843 2534 3913 Jesus

365 3960 691 4052 princeps
741 3967 1091 4052 pastorum
1148 3969 1288 4042 est;
1341 3960 1749 4053 Josephum,
1792 3982 1829 4031 a
1878 3969 2070 4052 patre
2123 3958 2407 4031 missum
2445 3957 2533 4028 ad

367 4073 768 4145 invisendos
819 4073 1093 4156 fratreS‚
1136 4093 1292 4144 cum
1328 4073 1668 4146 vidissent
1722 4075 1788 4145 bi
1844 4073 2258 4158 venientem,
2300 4070 2533 4143 consi-

367 4188 533 4258 lium
593 4189 892 4260 inierunt
952 4208 1125 4259 eum·
1174 4188 1658 4271 interficiendi,
1728 4199 1796 4261 et
1865 4197 2227 4280 postquam
2296 4187 2541 4259 Jesum
