3175 5084
1270 453 1680 515 *81-

393 637 480 710 de
535 657 815 710 munere
865 658 1001 730 quo
1051 638 1326 709 functus
1370 637 1600 708 fuerit.
1645 637 1794 707 Huc
1829 633 2172 729 imprimis
2207 637 2368 710 facit
2404 645 2563 710 nota

393 752 509 822 illa
544 774 747 844 quam
785 774 824 824 e
859 752 1123 824 codicis
1155 750 1602 843 manuscripti
1640 751 1946 844 margine
1990 751 2191 824 nobis
2234 752 2561 844 suppedi-

392 868 560 940 tavit
589 867 678 939 cl.
712 866 1099 960 Wrightius
1139 864 1321 960 (pag.
1367 860 1509 962 29),
1551 886 1707 937 cum
1744 886 1821 936 ea
1857 866 2058 937 simul
2098 874 2561 939 memorentur

391 993 461 1054 et
495 984 694 1054 locus
731 980 1062 1053 domicilii
1098 978 1460 1072 Aphraatis
1496 989 1563 1051 et
1599 981 1898 1069 dignitas
1931 981 2080 1070 ejus
2130 983 2552 1071 episcopalis.

391 1098 663 1168 Nemini
720 1118 909 1181 vero,
952 1096 1225 1189 opinor,
1269 1095 1634 1166 difficultas
1668 1095 1754 1164 de
1792 1095 1917 1166 hac
1953 1115 2026 1166 re
2082 1096 2188 1166 vel
2226 1095 2559 1167 dubitatio

393 1215 751 1307 ingeretur
801 1234 883 1284 eo
927 1212 1111 1304 quod
1149 1209 1587 1304 perhibeatur
1625 1209 1913 1301 Sapiens
1953 1211 2158 1281 Persa
2199 1213 2561 1301 Episcopus

391 1331 609 1402 fuisse
637 1332 1034 1403 monasterii
1060 1331 1128 1400 S.
1165 1329 1492 1410 Matthaei,
1529 1326 1726 1418 quasi
1757 1347 1999 1419 nempe
2027 1348 2110 1398 ex
2138 1327 2269 1398 hoc
2292 1338 2558 1400 asserto

391 1446 942 1518 concludendum
980 1445 1070 1515 sit
1106 1443 1331 1535 ipsum
1370 1442 1639 1513 nonnisi
1670 1442 1734 1511 in
1774 1441 2160 1514 coenobium
2198 1442 2557 1536 episcopa-

392 1564 525 1632 lem
565 1560 960 1632 exercuisse
986 1556 1563 1651 jurisdictionem,
1599 1557 1781 1647 quod
1810 1556 1926 1628 vix
1958 1556 2250 1650 intelligi
2286 1568 2551 1649 posset.

392 1674 781 1768 Appellatio
852 1674 967 1744 illa
1025 1694 1106 1745 ex
1167 1671 1501 1767 temporis
1559 1680 1628 1741 et
1674 1671 1980 1764 regionis
2035 1672 2339 1743 moribus
2390 1693 2558 1744 enu-

392 1790 700 1860 cleanda.
747 1790 835 1860 Ut
870 1788 1049 1859 enim
1086 1807 1326 1858 omnes
1372 1794 1648 1869 norunt,
1692 1786 1808 1877 qui
1857 1786 2064 1857 rebus
2113 1787 2578 1859 ecclesiarum·

390 1904 825 1976 orientalium
861 1901 1302 1974 addiscendis
1338 1909 1452 1972 aut
1477 1900 1977 1994 investigandis
2005 1902 2110 1972 vel
2148 1902 2363 1973 levem
2393 1923 2555 1993 ope-

392 2040 533 2088 ram
573 2039 868 2111 unquam
909 2038 1262 2101 navavere,
1305 2015 1483 2087 haud
1521 2037 1774 2099 rarum,
1818 2018 1954 2087 imo
1983 2016 2152 2090 nihil
2181 2016 2389 2088 ferme
2429 2017 2558 2088 fre·

390 2136 714 2228 quentius
750 2144 895 2206 erat
944 2133 1121 2227 apud
1175 2131 1476 2205 Orientis
1532 2132 1897 2214 PraesuleS‚
1949 2152 2146 2224 quam
2201 2141 2275 2202 ut
2322 2133 2555 2204 sedem

390 2249 720 2321 haherent
758 2250 825 2319 in
864 2249 1179 2320 coenobio
1224 2248 1452 2340 aliquo
1507 2268 1674 2318 suae.
1703 2248 2110 2332 dioeceseOS,
2153 2257 2356 2341 atque
2405 2249 2556 2340 ipsa

390 2364 715 2438 dioecesis
751 2367 860 2437 vel
894 2387 931 2435 a
968 2363 1284 2436 coenobio
1335 2364 1480 2447 illo,
1521 2363 1631 2434 vel
1666 2364 1749 2434 ab
1785 2363 1951 2434 urbe
1989 2363 2277 2456 quadam
2312 2366 2554 2455 praeci·

388 2500 546 2570 pua,
591 2480 698 2551 vel
737 2478 937 2550 etiam
975 2478 1056 2549 ab
1093 2480 1419 2550 alterutro
1467 2499 1595 2570 pro
1645 2478 1979 2571 cujusque
2033 2480 2396 2571 scriptoris
2446 2501 2552 2550 ar-

388 2595 626 2679 bitrio,
673 2617 918 2667 nomen
959 2588 1342 2667 sortiretur.
1391 2596 1565 2666 Hinc
1595 2597 2061 2687 supra-docuit
2098 2595 2544 2679 AssemanuS,

304 2720 325 2735 ‘
388 2710 879 2780 monasterium
916 2710 1000 2780 de
1031 2731 1165 2802 quo
1204 2710 1469 2803 agimus
1490 2711 1655 2780 olim
1693 2710 1926 2782 sedem
1961 2711 2169 2783 fuisse
2207 2712 2551 2803 Metropo-

387 2823 528 2894 litae
585 2823 894 2908 Ninives,
937 2825 1053 2918 qui
1107 2833 1175 2894 et
1211 2824 1642 2915 Metropolita
1693 2824 1764 2895 S.
1811 2825 2105 2896 Matthaei
2157 2825 2543 2907 dicebatur;

385 2937 548 3008 hinc
599 2937 798 3009 etiam
853 2958 937 3010 ex
991 2936 1377 3009 Barhebraei
1448 2940 1772 3009 Chronico
1820 2940 2268 3010 ecclesiastico
2335 2940 2546 3009 disci-

385 3074 539 3123 mus
568 3052 939 3145 posteriori
977 3061 1308 3146 tempore,
1353 3053 1420 3123 id
1459 3063 1563 3125 est
1601 3053 1683 3124 ab
1719 3074 1895 3125 anno
1934 3054 2151 3137 1155,
2212 3054 2548 3146 Maphria·

383 3191 514 3240 nos
544 3169 847 3242 Orientis
865 3171 943 3240 in
972 3172 1211 3242 eodem
1249 3171 1563 3242 coenobio
1602 3170 2020 3245 domicilium
2051 3170 2184 3243 sibi
2212 3171 2540 3264 elegisse,
2589 3208 2594 3211 Δ

382 3285 659 3355 interim
707 3293 929 3355 tamen
966 3285 1246 3379 Tagriti,
1289 3285 1569 3357 Ninives
1620 3294 1687 3356 et
1736 3285 2187 3376 adjacentium
2239 3286 2544 3356 locorum

382 3401 715 3471 ecclesias
752 3409 1066 3493 tanquam
1098 3402 1413 3494 proprias
1450 3402 1826 3472 retinentes
1863 3401 1963 3498 (1).

484 3515 765 3586 Etiamsi
817 3536 980 3587 vero
1028 3517 1276 3609 aliquis
1333 3518 1747 3588 contendere
1786 3518 2016 3601 vellet,
2065 3516 2251 3611 quod
2313 3515 2544 3610 utique

380 3630 563 3700 ultro
602 3631 664 3701 ei
697 3630 1165 3717 concedimus,
1210 3633 1294 3704 de
1331 3631 1662 3726 dignitate
1700 3644 1765 3705 et
1802 3634 1967 3706 sede
2001 3631 2362 3727 Aphraatis
2408 3656 2543 3705 nou

379 3748 583 3838 plane
641 3755 956 3819 constare
1007 3769 1087 3819 ex
1139 3749 1550 3821 indicatione
1603 3752 1955 3845 marginali
2004 3749 2202 3847 cujus
2250 3761 2416 3824 aetas
2478 3763 2544 3823 et

379 3873 620 3933 auctor
680 3863 1101 3956 ignorantur,
1166 3867 1528 3958 perpensis
1576 3877 1800 3939 tamen
1855 3877 1923 3939 et
1968 3869 2034 3938 in
2089 3890 2293 3939 unum
2348 3868 2542 3960 quasi

376 3976 633 4047 fascem
652 3977 961 4048 collectis
981 3979 1214 4064 variis,
1257 4002 1409 4072 quae
1445 3990 1844 4073 suppetunt,
1879 3984 2300 4076 argumentis
2333 3983 2536 4051 inter-

447 4230 519 4291 (11
557 4224 659 4278 cfr.
692 4225 893 4280 chron.
920 4231 1041 4280 eccl.
1071 4228 1330 4295 praefatio.
1362 4244 1410 4296 p.
1442 4232 1630 4293 xvlll;
1663 4231 1788 4282 item
1816 4239 1946 4286 sect.
1997 4235 2059 4294 ΙΙ,
2099 4232 2201 4284 col.
2247 4232 2347 4281 339
2388 4242 2543 4293 seqq.

2336 4328 2376 4392 8
