3175 5084
1527 453 1979 517 -114-

677 665 829 728 noS,
858 643 1184 717 Aetianos
1210 662 1333 714 seu
1361 642 1848 725 Eunomianos,
1885 642 2347 726 Paulinianos,
2382 641 2836 729 Sabellianos,

679 761 1153 844 PhotinianOS,
1220 759 1646 841 Borboritas,
1716 758 2072 839 Catharos,
2141 758 2520 842 Audianos,
2590 759 2845 833 Messa·

675 878 898 949 lianos
935 881 1262 948 memorat
1296 880 1366 946 et
1398 873 1678 958 refellit,
1723 893 1944 967 neque
1996 873 2357 947 Chaldaeos
2408 875 2555 947 sive
2604 874 2846 947 Astro-

676 998 876 1091 logos
911 995 1187 1068 omittit.
1232 993 1467 1082 Quoad
1500 993 1913 1087 Aphraatem
1949 1014 2141 1075 vero,
2184 994 2470 1065 multum
2521 994 2716 1067 abest
2774 1003 2848 1067 ut

673 1124 809 1189 tam
863 1113 1072 1184 multa
1136 1120 1406 1203 tamque
1456 1109 1730 1182 diversa
1780 1109 2175 1203 protulerit.
2225 1111 2467 1204 Neque
2513 1112 2837 1196 carmina,
2909 1196 2919 1207 ³

674 1251 828 1323 quae
880 1229 1155 1322 quidem
1217 1227 1300 1299 ad
1355 1249 1483 1300 nos
1545 1228 2009 1321 pervenerint,
2072 1229 2463 1321 composuit
2515 1251 2839 1322 unquam,

673 1365 896 1439 neque
946 1345 1161 1416 ullum
1217 1344 1591 1437 Scripturas
1643 1344 1891 1416 librum
1949 1343 2033 1414 ab
2084 1343 2283 1415 initio
2322 1344 2407 1415 ad
2449 1343 2681 1429 finem,
2719 1345 2841 1419 sed

674 1462 983 1555 quaedam
1017 1467 1279 1532 tantum
1316 1461 1464 1532 loca
1502 1467 1571 1533 et
1604 1459 1827 1544 effata,
1869 1460 2026 1533 data
2066 1459 2461 1545 occasione,
2505 1460 2842 1554 interpre-

671 1586 853 1650 tatus
888 1585 1019 1651 est.
1064 1576 1140 1646 In
1172 1576 1486 1647 Homiliis
1524 1596 1679 1668 quae
1732 1575 1886 1668 ipso
1931 1583 2210 1647 auctore
2262 1574 2585 1669 prodiere
2643 1585 2711 1650 et
2762 1578 2846 1650 ad

676 1715 806 1765 nos
873 1692 1301 1765 transmissae
1362 1691 1580 1776 fuere,
1649 1692 1783 1764 late
1853 1691 2164 1785 disputat
2224 1698 2461 1763 contra
2524 1691 2842 1777 Judae0s;

676 1809 900 1901 aliqua
960 1808 1163 1880 etiam
1229 1807 1579 1879 adversus
1668 1805 2027 1879 Chaldaeos
2111 1819 2180 1879 et
2263 1815 2448 1879 artes
2517 1806 2839 1900 magicas,

677 1926 977 2017 itemque
1008 1925 1339 1996 adversus
1376 1923 1941 1995 Manicheismum
1979 1933 2049 1996 et
2076 1923 2279 2015 hujus
2315 1923 2664 1996 haereseos
2691 1943 2843 2016 pro·

671 2041 961 2134 pagines
999 2039 1257 2133 passim
1296 2037 1575 2121 inserit;
1618 2046 1688 2110 at
1736 2038 1820 2110 de
1871 2037 2263 2111 Arianismo
2314 2039 2664 2132 sectisque
2711 2038 2847 2110 affi-

674 2156 905 2239 nibus,
926 2177 1096 2249 quas
1124 2150 1553 2247 EphraemuS‚
1584 2154 2034 2226 suadentibus
2064 2164 2449 2248 temporum
2473 2154 2842 2246 adjunctis,

675 2271 958 2363 speciali
1012 2270 1306 2364 quodam
1357 2268 1602 2341 ardore
1654 2287 1930 2362 semper·
1984 2269 2432 2364 impugnavit,
2492 2290 2576 2340 ne
2632 2269 2843 2341 ullum

675 2384 953 2478 quidem
988 2385 1271 2458 verbum
1309 2384 1542 2456 habet.

776 2480 1117 2572 Praeterea
1147 2520 1310 2572 vero
1347 2500 1415 2570 in
1472 2498 1819 2593 Sapientis
1858 2500 2091 2571 Persae
2126 2501 2443 2590 Epistolis
2479 2508 2845 2572 occurrunt

679 2616 1064 2709 singulares
1101 2613 1411 2708 quaedam
1463 2604 1824 2686 sententiae
1877 2635 2032 2707 quae
2084 2613 2419 2686 doctrinae
2469 2614 2703 2707 ipsius
2746 2615 2847 2685 in-

621 2724 627 2729 ’
674 2732 903 2803 dolem
941 2731 1160 2824 magis
1195 2729 1774 2802 circumscribunt
1799 2736 1869 2802 et
1898 2729 2079 2819 illam
2110 2751 2148 2800 a
2178 2729 2496 2802 Doctoris
2532 2729 2846 2802 Nisibeni

679 2845 953 2940 placitis
1004 2845 1367 2939 plurimum
1421 2845 1699 2917 differre
1751 2845 2153 2918 ostendunt.
2210 2846 2396 2917 Talis
2446 2852 2553 2917 est
2614 2846 2851 2939 opinio

674 2963 867 3052 juxta
927 2983 1128 3054 quam
1178 2960 1474 3032 mundus
1522 2968 1682 3053 post
1738 2981 1861 3031 sex
1917 2981 2250 3031 annorum
2303 2959 2515 3030 millia
2566 2960 2649 3031 ab
2701 2960 2850 3052 ejus

683 3076 968 3150 exordio
1026 3076 1482 3169 computanda
1531 3075 1995 3148 destruendus
2050 3083 2240 3148 esset
2289 3071 2389 3171 (1).
2445 3075 2621 3147 Huic
2669 3077 2849 3148 enim

686 3195 933 3277 errori,
973 3214 1177 3286 quem
1213 3213 1297 3263 ex
1341 3214 1545 3285 prava
1597 3192 1858 3284 aliquot
1908 3191 2457 3263 testimoniorum
2501 3191 2573 3262 S.
2619 3192 2850 3287 Scrip-

689 3320 862 3381 turae
890 3308 1354 3402 ,explicatione
1382 3316 1633 3392 ortum,
1659 3307 1835 3379 haud
1864 3308 2064 3400 pauci
2092 3329 2174 3379 ex
2201 3306 2502 3399 antiquis
2536 3308 2852 3382 Patribus

572 3440 579 3447 '
687 3424 979 3517 amplexi
1015 3433 1230 3506 erant,
1274 3424 1607 3494 calculum
1644 3422 1878 3513 adjicit
1920 3422 2298 3515 Aphraates
2335 3422 2404 3492 in
2441 3424 2738 3512 Epistola
2770 3426 2853 3497 de

687 3542 1022 3611 charitate
1080 3535 1192 3636 (2);
1260 3538 1567 3630 ejusdem
1636 3559 1799 3610 vero
1870 3539 1977 3610 vel
2041 3539 2189 3610 leve
2250 3537 2611 3631 vestigium
2672 3540 2849 3632 apud

689 3658 761 3725 S.
804 3655 1236 3746 Ephraemum
1281 3654 1533 3724 frustra
1585 3653 1976 3745 quaesieriS,
2036 3653 2153 3746 qui
2206 3663 2429 3724 tamen
2482 3654 2853 3725 novissima

687 3771 940 3854 omnia,
983 3772 1079 3842 uti
1116 3771 1490 3862 judicium,
1531 3774 2092 3843 resurrectionem
2127 3782 2569 3853 mortuorum,
2614 3793 2852 3844 seeun-

686 3887 853 3958 dum
891 3887 1146 3957 Christi
1173 3887 1570 3969 adventum,
1604 3888 2089 3958 antichristum
2121 3896 2186 3958 et
2220 3891 2854 3959 consummationem

687 4003 950 4085 saeeuli,
992 4001 1414 4073 carminibus
1451 4002 1846 4074 celebravit.

757 4228 830 4289 (1)
867 4225 981 4280 vid.
1008 4241 1154 4293 sup.,
1181 4243 1236 4295 p.
1263 4229 1328 4282 28
1353 4242 1507 4296 seqq.

757 4324 828 4390 (2)
862 4324 1009 4392 §153
1035 4339 1120 4392 ap.
1150 4326 1398 4396 Wright„
1425 4343 1478 4394 p.
1508 4316 1611 4377 ὡ
1653 4353 1669 4371 ·
