3175 5084
1262 472 1707 538 ...135-

405 662 495 735 de
547 661 912 756 Aphraatis
961 664 1098 761 vita
1147 674 1213 734 et
1261 664 1572 737 doctrina
1625 664 1756 735 late
1808 663 2115 744 disserit,
2174 685 2307 735 non
2363 663 2567 735 alium

406 779 559 868 ejus
596 777 843 848 librum
882 778 1268 850 libellumve
1304 777 1440 849 nisi
1483 787 1627 849 tres
1679 799 1885 870 supra
1939 778 2179 871 viginti
2234 781 2569 871 Epi-stolas

409 884 766 963 memorat.
812 893 887 961 ln
925 891 1031 963 his
1067 891 1270 983 ipsis,
1312 913 1465 963 cum
1516 893 1743 964 varios
1796 894 2121 964 tractatus
2158 916 2194 964 a
2230 915 2307 965 se
2343 894 2569 966 editos

408 1006 713 1097 scriptor
772 1005 1158 1097 saepissime
1208 1007 1373 1077 citet
1424 1015 1491 1078 et
1544 1005 1628 1076 ad
1680 1028 1801 1078 eos
1862 1007 2188 1077 lectorem
2242 1009 2564 1092 remittat,

408 1121 549 1190 imo
609 1138 763 1189 cum
816 1119 1064 1190 alicubi
1119 1115 1195 1212 (ι)
1246 1119 1546 1191 omnium
1601 1120 1742 1191 fere
1796 1121 2245 1191 Homiliarum
2296 1143 2570 1195 suarum

407 1235 905 1329 inscriptiones
957 1256 1040 1306 ex
1099 1236 1339 1307 ordine
1400 1243 1780 1320 recenseat,
1822 1235 2311 1330 cujuscumque
2348 1248 2570 1311 tamen

408 1352 647 1443 operis
701 1351 874 1442 ejus,
934 1358 1184 1443 praeter
1236 1373 1313 1423 ea
1374 1373 1526 1444 quae
1572 1352 2097 1435 nominavimus,
2140 1374 2341 1425 omne
2376 1354 2573 1427 deest

408 1466 807 1559 vestigium.
851 1465 1238 1538 Occurrunt
1272 1466 1547 1559 quidem
1602 1474 1955 1537 auctorum
2005 1467 2395 1539 testimonia
2444 1469 2570 1539 ali-

410 1589 608 1676 quot,
650 1603 829 1675 quae,
873 1582 1094 1674 primo
1140 1582 1377 1651 saltem
1415 1589 1723 1673 aspectu,
1768 1580 2231 1651 difficultatem
2268 1583 2372 1652 vel
2409 1583 2569 1653 obs-

409 1697 770 1769 curitatem
807 1716 1039 1767 creare
1075 1695 1410 1795 possinty
1442 1694 1565 1766 sed
1617 1696 1763 1767 haec
1798 1694 2050 1777 omnia,
2092 1695 2153 1766 si
2190 1695 2574 1769 studiosius

412 1812 950 1904 perpendantur,
1009 1831 1311 1882 errorem
1366 1810 1720 1882 enuntiare
1772 1819 1885 1881 aut
1936 1810 2261 1903 loquendi
2315 1811 2575 1883 ratione

414 1929 643 1999 minus
697 1936 1007 1998 accurata
1059 1947 1348 2018 peccare
1400 1926 1742 2007 videntur,
1778 1926 2087 2017 adeoque
2147 1926 2253 1997 vel
2291 1926 2569 2005 nullius,

414 2042 524 2112 vel
558 2040 922 2113 admodum
961 2041 1185 2110 dubiae
1222 2050 1381 2111 sunt
1417 2040 1764 2111 efficaciae.

517 2155 617 2227 lta
689 2157 1106 2236 GennadiuS,
1187 2154 1544 2253 presbyter
1615 2154 2096 2234 Massiliensis,
2175 2156 2331 2248 qui,
2402 2155 2578 2224 inter

412 2295 632 2344 annos
666 2271 812 2341 490
850 2280 919 2343 et
953 2270 1125 2353 495,
1169 2272 1562 2360 Gataloqum
1612 2272 1694 2341 dc
1741 2273 2184 2360 scriptoribus
2226 2273 2573 2341 ecclesias-

416 2390 599 2469 ticis,
642 2388 726 2457 ab
784 2387 1196 2478 Hieronymo
1252 2385 1647 2476 incoeptum,
1712 2386 1967 2476 passim
2024 2385 2463 2477 locupletavit
2515 2395 2584 2456 et

416 2503 503 2574 ad
564 2524 762 2573 suum
824 2511 1094 2592 tempus
1158 2499 1509 2592 produxit,
1578 2499 2073 2570 enumerationi
2131 2501 2583 2570 Homiliarum

419 2617 765 2710 Sapientis
808 2617 1063 2698 Persae,
1107 2637 1302 2707 quaS,
1347 2636 1579 2685 errore
1633 2624 1797 2685 tunc
1839 2615 2183 2685 communi
2220 2616 2579 2707 deceptus,

414 2734 676 2805 Jacobo
730 2731 1065 2802 Nisibeno'
1121 2730 1384 2810 tribuit,
1443 2729 1800 2821 sequentia
1852 2729 2259 2822 subjungit:
2308 2758 2344 2793 «
2380 2729 2577 2800 Com-

420 2848 656 2942 posuit
690 2855 758 2918 et
794 2848 1188 2928 chronicon,
1242 2842 1526 2915 minoris
1579 2844 1856 2937 quidem
1912 2843 2302 2915 Graecorum
2357 2846 2581 2917 curio-

423 2962 677 3045 sitatiS‚
719 2962 843 3033 sed
882 2961 1157 3051 maj0ris
1211 2961 1499 3039 fiduciae.
1555 2959 1716 3052 quia
1770 2959 2148 3030 divinarum
2199 2960 2570 3051 Scriptura·

423 3100 570 3149 rum
646 3085 899 3147 tantum
971 3075 1372 3146 auctoritate
1442 3081 1937 3155 constructum,
2005 3073 2398 3166 comprimit
2466 3095 2585 3145 ora

426 3213 661 3264 eorum
700 3192 816 3283 qui
864 3199 1407 3283 praesumptuosa
1460 3188 1856 3281 suspicione
1908 3188 1994 3260 de
2050 3188 2342 3261 adventu
2394 3188 2589 3261 Anti-

425 3307 669 3379 christi
706 3303 779 3402 (a)
814 3306 922 3378 vel
960 3305 1230 3376 Domini
1285 3305 1501 3376 nostri
1556 3304 1846 3376 inaniter
1903 3304 2498 3398 philosophantur.
2551 3334 2586 3368 »

427 3464 520 3475 -
556 3425 644 3493 At
676 3422 830 3513 jure
888 3420 1131 3492 merito
1179 3419 1563 3513 conjeceris
1612 3421 1858 3491 librum
1917 3421 2105 3491 illum
2155 3421 2582 3505 chronicum,

428 3536 623 3627 cujus
661 3534 966 3606 meminit
1003 3534 1420 3619 Gennadius,
1462 3534 1631 3605 nihil
1680 3533 1863 3605 aliud
1918 3554 2074 3605 esse
2126 3555 2325 3627 quam
2368 3536 2588 3605 Homi-

430 3654 593 3724 liam
624 3653 712 3724 'de
744 3653 941 3723 acino
953 3679 977 3736 ;
1019 3651 1087 3720 in
1127 3650 1250 3721 hac
1286 3651 1466 3721 enim
1518 3648 1897 3744 Aphraates
1949 3649 2215 3722 acinum
2268 3650 2585 3722 benedic·

433 3776 600 3851 tum,
668 3767 798 3837 hoc
860 3775 992 3849 est,
1059 3765 1325 3837 felicem
1396 3765 1577 3835 illam
1640 3766 1926 3857 stirpem
1995 3786 2033 3836 e
2101 3787 2235 3858 qua
2302 3765 2592 3859 Messias

497 4031 570 4090 (ι)
607 4028 816 4082 Videsis
840 4027 999 4085 infra.
1020 4029 1113 4082 ubi
1138 4029 1207 4081 de
1228 4025 1505 4080 authentia
1532 4027 1897 4090 Epistotarum
1926 4029 2208 4096 aphraatis
2229 4027 2391 4082 nobis
2415 4039 2597 4080 sermo

398 4142 404 4146 -
436 4110 561 4162 erit.
586 4109 694 4164 cfr.
719 4117 774 4163 et
795 4110 1053 4178 Wright„
1080 4125 1170 4177 pp.
1210 4119 1260 4182 ᾗ,
1304 4107 1499 4181 Q
1519 4120 1654 4175 seqq
1680 4148 1696 4172 .
1718 4122 1845 4191 μὲ
1886 4155 1899 4168 .

500 4209 571 4271 (2)
610 4207 753 4261 Lem.
784 4219 916 4261 vnn:
946 4207 1173 4262 christi.
