3175 5084
1254 485 1709 566 -zaev—

408 683 684 747 vertens
733 674 936 747 etiam
986 674 1301 747 homines
1362 675 1431 745 in
1494 674 1848 769 Scriptura
1908 673 2081 748 deos
2146 657 2575 768 nuncupatos

412 811 592 876 esse,
635 790 812 864 haud
848 800 1072 864 tamen
1105 790 1379 886 negavit
1414 812 1491 864 se
1538 811 1697 865 esse
1732 792 1947 866 Deum
1984 811 2197 865 sensu
2234 790 2574 864 excellen—

413 906 610 991 tiore,
654 906 900 980 Filium
935 908 1059 980 Dei
1097 908 1523 1002 unigenitum
1559 915 1630 980 ct
1664 908 1848 980 Patri
1885 908 2570 993 consubstantialem,

409 1023 716 1117 nihilque
749 1044 986 1098 eorum
1009 1023 1408 1096 retractavit
1435 1045 1588 1117 quae
1615 1023 1701 1095 ad
1736 1024 1805 1095 id
1834 1024 2260 1097 suadendum
2295 1024 2577 1097 eosdem

409 1138 756 1211 auditores
818 1147 1011 1211 antea
1071 1138 1422 1223 docuerat,
1492 1138 1630 1212 imo
1692 1138 1760 1209 id
1824 1139 2050 1233 ipsum
2117 1161 2199 1212 ex
2268 1139 2357 1211 iis
2422 1159 2577 1232 quae

379 1255 663 1328 ·fecerat
695 1254 1148 1339 confirmavit,
1185 1262 1281 1343 ut,
1318 1254 1380 1327 si
1413 1255 1647 1328 verbis
1680 1255 1828 1328 suis
1864 1255 2069 1329 fidem
2107 1256 2332 1327 minus
2369 1254 2574 1327 habe·

411 1381 586 1457 rent,
649 1371 976 1466 operibus
1036 1379 1224 1444 certe
1273 1372 1673 1454 crederent;
1733 1372 1828 1445 ita
1880 1372 2256 1466 Aphraates
2306 1372 2435 1468 hic
2464 1392 2581 1444 ex·

409 1487 605 1581 ponit
663 1497 912 1580 quanta
971 1488 1217 1580 injuria
1268 1487 1489 1562 Judaei
1550 1497 2147 1562 commoverentur
2207 1488 2274 1559 in
2338 1487 2578 1560 Chris·

409 1603 659 1688 tianos,
701 1602 868 1675 Jesu
921 1604 1270 1676 Nazareno
1322 1625 1401 1676 ea
1454 1603 1728 1677 nomina
1763 1604 2266 1688 adscribentes,
2312 1623 2466 1695 quae
2506 1602 2573 1674 in

411 1718 676 1791 Divinis
725 1719 1007 1791 Litteris
1061 1719 1452 1792 hominibus
1512 1721 1667 1793 data
1727 1720 1945 1793 fuisse
2005 1727 2310 1801 constat;
2369 1719 2572 1791 simul

411 1843 631 1906 autem
669 1856 754 1908 ne
788 1834 946 1907 hinc
999 1836 1300 1929 quidam,
1344 1836 1702 1909 veritatum
1757 1836 1917 1908 fidei
1972 1835 2314 1920 rudioreS,
2370 1834 2577 1905 infer-

412 1959 564 2022 rent
622 1949 968 2023 Christum
1028 1949 1389 2023 Dominum
1450 1951 1693 2024 eodem
1763 1971 1973 2024 sensu
2034 1972 2112 2023 ac
2175 1951 2333 2023 illos
2404 1950 2580 2022 alios

361 2131 369 2142 .
410 2066 623 2152 viros„
665 2066 1022 2140 sanctitate
1056 2067 1167 2139 vel
1201 2068 1605 2140 auctoritate
1641 2068 2146 2162 praecellentes,
2183 2067 2302 2138 Dei
2336 2066 2578 2137 Filium

411 2202 489 2253 ac
523 2183 737 2255 Deum
772 2183 1127 2276 appellari,
1186 2203 1323 2255 non
1376 2204 1511 2256 uno
1567 2185 1639 2254 in
1698 2185 1853 2256 loco
1902 2183 2188 2255 affirmat
2232 2181 2581 2255 Christum

413 2317 568 2368 esse
621 2299 832 2369 Deum
890 2298 973 2369 dc
1031 2299 1184 2381 Deo,
1248 2300 1507 2370 Lumen
1565 2299 1650 2371 de
1706 2301 2116 2381 Lumine...,
2174 2319 2252 2370 ac
2287 2298 2582 2392 proinde

409 2413 735 2488 vocabula
770 2434 924 2507 quae
960 2414 1639 2507 reprehendebantur
1674 2416 1738 2488 ei
1776 2415 1989 2489 multo
2037 2414 2288 2507 potiori
2317 2415 2473 2507 jure
2510 2423 2579 2488 et

412 2528 847 2602 strictissima
879 2530 1242 2602 verborum
1275 2532 1696 2625 proprietate
1733 2530 2126 2603 convenire.

507 2646 747 2739 Neque
798 2665 1040 2717 novam
1097 2646 1200 2718 vel
1253 2646 1622 2718 inauditam
1667 2666 1826 2718 esse
1869 2645 2041 2718 hanc
2076 2645 2439 2739 Aphraatis
2477 2647 2580 2717 in-

410 2761 993 2855 terpretationem,
1035 2763 1173 2835 imo
1208 2762 1293 2834 ab
1331 2763 1526 2834 initio
1563 2782 1710 2834 eam
1757 2770 2102 2854 receptam
2151 2762 2369 2834 fuisse
2424 2760 2583 2836 inde

411 2875 612 2948 nobis
648 2875 881 2967 colligi
918 2897 1129 2968 posse
1158 2876 1456 2961 videtur,
1489 2876 1675 2970 quod
1705 2876 1886 2969 apud
1915 2875 2341 2949 Gennadium
2379 2875 2581 2948 istius

406 2992 714 3063 Homilioe
770 2990 1288 3086 inscriptionem
1342 2992 1434 3065 ita
1494 2992 1919 3087 propositam
1983 2992 2235 3063 habeas
2282 2987 2428 3088 (1);

412 3108 699 3186 Christo.
755 3108 932 3199 quod
983 3109 1200 3180 Filius
1253 3111 1371 3180 Dei
1420 3112 1513 3181 ait
1565 3121 1632 3181 et
1695 3109 2300 3180 consubstantialia
2352 3109 2572 3180 Patri.

508 3223 806 3317 Spiritus
842 3224 1161 3309 Sanctus,
1205 3245 1405 3318 quem
1452 3247 1662 3317 supra
1708 3224 2007 3299 vidimus
2058 3223 2242 3295 Patri
2293 3230 2363 3295 et
2407 3223 2579 3294 Filio

410 3339 480 3410 in
516 3340 732 3412 forma
769 3341 1100 3434 Baptismi
1137 3361 1215 3413 ac
1252 3350 1759 3435 consequenter
1803 3342 1871 3411 in
1927 3340 2278 3412 hominum
2327 3338 2578 3412 sancti·

410 3458 753 3542 ficatione,
795 3459 975 3531 sicut
1010 3459 1079 3531 in
1125 3459 1353 3532 cultus
1410 3459 1626 3531 latriae
1680 3460 2065 3543 consorti0,
2108 3456 2416 3551 adjungi,
2459 3457 2581 3528 ite·

410 3595 558 3645 rum
592 3595 799 3647 verus
842 3576 1022 3647 Deus
1073 3574 1408 3669 implicite
1441 3574 1881 3669 praedicatur,
1922 3573 2084 3647 dum
2116 3572 2473 3646 exhibetur
2506 3583 2580 3646 ut

409 3687 782 3781 inspirator
817 3689 1337 3781 Prophetarum,
1370 3689 1441 3762 in
1470 3711 1648 3783 quos
1677 3711 1716 3762 a
1742 3691 1942 3761 Patre
1981 3688 2297 3761 mittitur.
2342 3686 2575 3760 Chris·

409 3812 520 3874 tus
550 3804 905 3886 Dominus,
948 3803 1041 3876 ait
1078 3805 1365 3897 Sapiens
1403 3806 1616 3877 Persa
1652 3800 1748 3902 (a),
1790 3834 1825 3871 «
1861 3805 2008 3877 haec
2044 3803 2248 3876 nobis
2285 3802 2577 3874 inculca-

408 3918 508 3992 vit
538 3917 616 4014 (3)
661 3945 677 3995 :
721 3922 889 3995 Cum
921 3922 1262 3996 adducent
1295 3943 1410 3995 voc
1443 3924 1535 3995 ad
1561 3933 1956 4013 potestates,
1996 3922 2088 3992 ad
2122 3922 2578 4011 magistratus

476 4148 552 4212 (1)
585 4145 703 4201 vid.
736 4159 883 4213 sup„
909 4159 966 4214 p.
994 4146 1111 4198 ua.

476 4247 549 4311 (2)
586 4245 837 4315 Wright„
861 4258 953 4313 pp.
991 4244 1133 4293 ιιι-ιι
1163 4248 1218 4297 et
1252 4244 1430 4293 aaz.

477 4332 553 4395 (3)
590 4332 714 4384 Luc.
743 4331 854 4394 ΧΙΙ,
891 4334 970 4393 11,
998 4330 1083 4397 12,
1109 4330 1237 4383 item
1262 4331 1389 4393 ΧΧΙ,
1423 4328 1505 4381 22·
1513 4331 1602 4391 ¹5;
1632 4329 1813 4381 Matth.
1843 4328 1902 4389 Χ,
1929 4327 2117 4390 18·;so
2144 4329 2301 4380 flare.
2331 4326 2468 4389 xlii,
2493 4327 2574 4376 11.
