3175 5084
1498 404 1948 524 ...336-

637 654 954 727 Sodomae
990 652 1173 723 Deus
1210 669 1345 722 non
1384 644 1783 734 miseretur;
1841 672 2050 745 quare
2103 652 2488 727 diceremus
2524 653 2672 727 fore
2729 663 2807 729 ut

634 772 860 864 ipsum
895 768 1213 839 misereat
1240 764 1764 859 Hierosolymae,
1798 789 1976 861 quae,
2001 767 2195 861 juxta
2219 770 2801 864 computationem

632 906 842 978 supra
900 881 1285 964 adductam,
1352 888 1508 952 ante
1570 877 1714 951 395
1775 902 1991 955 annos
2060 892 2320 957 vastata
2387 886 2539 958 est?
2602 886 2798 972 Quod

631 1005 898 1092 spectat
931 996 1014 1067 ad
1054 993 1222 1066 illud
1259 993 1530 1066 effatum
1574 1018 1589 1064 2
1632 997 1911 1068 Sodoma
1937 1010 2003 1069 et
2035 998 2202 1086 filioe
2241 1002 2390 1089 ejtts
2432 1003 2803 1072 manebunt

626 1117 867 1208 quales
915 1123 1119 1184 antea
1175 1119 1399 1195 erant,
1454 1120 1530 1181 tu
1580 1132 1734 1184 vero
1784 1112 2287 1208 (Hierosolyma
2338 1113 2442 1187 sic
2495 1117 2797 1208 compel-

527 1270 532 1283 Ι
627 1228 825 1321 latur)
886 1240 952 1299 et
1003 1227 1169 1314 filice
1218 1237 1355 1297 tuoe
1397 1227 1597 1297 eritis
1647 1228 1885 1317 quales
1938 1231 2139 1318 prius
2191 1227 2495 1324 fuerim,
2554 1230 2794 1302 eodem

629 1345 1058 1439 significatur
1105 1343 1225 1412 has
1275 1339 1587 1412 civitates
1639 1363 1985 1436 nunquam
2021 1343 2470 1421 instauratum
2508 1345 2619 1415 iri.
2661 1346 2797 1417 Do-

625 1461 850 1531 minus
901 1458 1081 1530 enim
1137 1456 1405 1550 regioni
1459 1456 1568 1527 cui
1623 1456 1943 1529 irascitur
1979 1458 2071 1531 ita
2105 1459 2450 1532 maledicit
2484 1456 2560 1556 (l)
2605 1486 2620 1533 :
2663 1463 2798 1534 Nec

618 1573 886 1647 semina
920 1576 1226 1663 accipiet,
1257 1594 1378 1644 nec
1410 1570 1686 1667 fructus
1721 1585 1843 1645 aut
1877 1576 2095 1646 ullam
2131 1577 2406 1648 herbam
2433 1578 2814 1668 producet„

621 1695 739 1765 sed
796 1694 930 1764 erit
977 1694 1157 1762 sicut
1210 1691 1490 1763 Sodoma
1544 1703 1609 1762 et
1666 1692 2056 1775 Gomorrha,
2113 1696 2359 1783 quibus
2404 1696 2796 1764 succensuit

619 1806 948 1881 Dominus
1014 1818 1081 1879 et
1143 1803 1387 1897 quibus
1448 1829 1581 1877 non
1641 1818 1743 1879 est
1804 1811 2308 1881 reconciliatus.
2379 1810 2790 1882 Persuasum

621 1924 834 2017 igitur
882 1922 1159 2005 habeaS,
1218 1942 1259 1992 o
1312 1921 1606 2003 auditor,
1652 1921 2014 1994 Sodomam
2064 1933 2132 1996 et
2183 1923 2360 1996 filias
2413 1923 2562 2015 ejus
2616 1944 2786 1994 nun-

619 2059 821 2129 quam
853 2044 1399 2118 exsurrecturas‚
1443 2037 1566 2107 sed
1603 2057 1958 2110 mansuras
1994 2039 2231 2132 quales
2267 2038 2462 2131 prius
2497 2038 2779 2120 fuerint,

617 2160 822 2244 prout
869 2152 1137 2224 scilicet
1188 2151 1568 2243 hucusque,
1613 2152 1860 2224 incolis
1909 2152 2096 2225 orbae
2146 2162 2214 2224 et
2262 2153 2380 2226 irae
2433 2159 2785 2246 perpetuae

617 2266 888 2337 Domini
952 2265 1305 2357 subjectae,
1371 2265 1758 2357 jacuerunt.
1827 2266 2302 2361 Hierosolyma
2370 2288 2644 2361 quoque
2715 2274 2785 2338 et

617 2381 775 2453 filiae
824 2380 1046 2475 ipsius
1097 2381 1165 2452 in
1220 2381 1515 2474 pristino
1553 2390 1733 2453 statu
1772 2390 1997 2465 erunt,
2039 2382 2218 2454 sicut
2254 2381 2578 2453 nimirum
2615 2381 2779 2453 olim

613 2507 847 2569 vastus
886 2506 953 2568 et
987 2497 1305 2569 desertus
1334 2505 1476 2567 erat
1510 2516 1706 2567 mons
1743 2493 2322 2580 Amorrhaeorum,
2357 2517 2564 2591 quum
2596 2495 2665 2566 in
2695 2517 2778 2568 eo

608 2612 948 2685 exstruxit
1005 2611 1425 2684 Abrahamus
1487 2632 1700 2695 aram,
1766 2611 1876 2683 cui
1949 2611 2236 2707 illigavit
2297 2611 2511 2684 filium
2576 2633 2778 2683 suum

612 2730 941 2811 Isaacum‚
1016 2729 1124 2799 vel
1193 2726 1373 2798 sicut
1433 2727 1610 2798 idem
1685 2726 2002 2799 desertus
2065 2735 2210 2799 erat
2277 2727 2547 2821 quando
2612 2726 2777 2798 emit

610 2844 822 2915 David
852 2844 935 2914 ab
971 2842 1240 2914 Areuna
1272 2842 1589 2914 Jebusaeo
1627 2863 1849 2913 aream
1878 2842 1945 2911 in
1976 2864 2109 2936 qua
2135 2843 2345 2914 altare
2374 2841 2762 2914 aedificavit.

605 2959 901 3032 Adverte
955 2959 1134 3031 enim
1189 2967 1486 3031 montem
1537 2958 1729 3030 illum
1783 2958 1853 3028 in
1905 2954 2041 3053 quo
2083 2956 2504 3046 Abrahamus
2555 2957 2769 3028 filium

605 3097 804 3147 suum
849 3075 1097 3147 obtulit
1131 3075 1357 3167 ipsum
1394 3095 1550 3146 esse
1593 3082 1885 3146 montem
1924 3074 2166 3156 Jehus,
2209 3095 2328 3145 seu
2369 3072 2772 3165 Hierosoly-

606 3213 807 3274 mam,
862 3211 1084 3261 aream
1138 3211 1302 3261 vero
1355 3210 1555 3282 quam
1617 3189 1779 3261 emit
1827 3189 2037 3260 David
2085 3189 2168 3260 ab
2222 3189 2492 3261 Areuna
2539 3188 2764 3281 ipsum

600 3327 760 3378 esse
796 3307 1022 3377 locum
1070 3304 1181 3376 cui
1217 3303 1546 3396 templum
1596 3302 1991 3396 impositum
2028 3303 2179 3375 fuit.
2223 3304 2321 3374 lta
2356 3302 2570 3396 igitur
2604 3300 2764 3372 Hie-

603 3422 946 3515 rosolyma
1004 3420 1073 3490 in
1132 3419 1473 3502 vastitate,
1535 3426 1610 3491 ut
1661 3425 1878 3501 antea,
1953 3418 2210 3490 existit.
2285 3416 2764 3519 Animadverte

598 3535 804 3606 etiam
864 3546 1007 3607 tum
1050 3543 1358 3628 tempore
1405 3554 1542 3626 quo
1606 3529 1924 3605 Ezechiel
1960 3532 2391 3627 prophetavit
2435 3531 2654 3602 adhuc
2692 3530 2780 3600 in'

598 3650 971 3744 splendore
1020 3670 1146 3722 suo
1185 3647 1598 3721 constitisse
1643 3648 2213 3742 Hierosolymam.
2267 3646 2463 3739 cujus
2517 3645 2761 3717 incolae

596 3764 874 3838 nonnisi
910 3773 1151 3858 postea
1185 3771 1424 3836 contra
1458 3783 1693 3857 regem
1730 3762 2099 3857 Babylonis
2134 3761 2571 3850 rebellarunt,
2618 3766 2762 3831 tum

594 3879 1005 3952 sententiam
1031 3900 1069 3949 a
1099 3878 1434 3972 propheta
1469 3876 1883 3950 enuntiatam
1920 3897 2002 3949 ex
2039 3878 2138 3951 ira
2174 3885 2241 3949 et
2276 3873 2760 3969 reprehensio-

596 3995 707 4067 nis
744 3993 965 4090 gratia
993 3994 1062 4066 in
1099 3992 1643 4087 Hierosolymam
1678 3993 2008 4086 prolatam
2039 4012 2219 4065 esse.
2258 3991 2404 4064 Hoc
2433 3989 2758 4082 denique,

660 4254 734 4318 (1)
767 4252 989 4308 Denter.
1017 4254 1186 4320 xxix,
1211 4253 1297 4309 25.
