3175 5084
1276 433 1831 545 -219--‘

429 667 727 750 natione,
771 667 1104 761 auguriis„
1141 666 1515 759 astrologia
1569 674 1638 738 et
1684 665 1928 759 magia,
1964 686 2002 735 3
2039 665 2489 736 fornicatione
2525 673 2594 736 et

428 784 1076 869 comessationibuS,
1128 805 1165 855 a
1214 783 1552 856 doctrinis
1605 781 1922 854 inanibus
1975 803 2210 854 eorum
2264 782 2381 875 qui
2431 789 2593 852 sunt

428 901 879 974 instrumenta
913 900 1275 986 daemonis,
1309 923 1347 972 a
1374 901 1775 973 blandorum
1814 921 2205 973 sermonum
2243 899 2587 972 lenocinio

415 1021 466 1087 ’3
500 1016 921 1112 blasphemia
957 1026 1025 1091 et
1059 1018 1423 1103 adulterio,
1466 1040 1504 1089 a
1538 1019 1713 1090 falso
1748 1017 2143 1090 testimonio
2189 1025 2255 1089 et
2291 1039 2329 1088 a
2365 1015 2589 1109 dupli-

426 1132 630 1206 citate
697 1134 973 1228 linguae.
1047 1133 1211 1206 Haec
1273 1143 1433 1206 sunt
1495 1154 1707 1226 opera
1776 1133 1936 1206 fidei
2009 1132 2364 1206 innitentis
2425 1153 2588 1204 vero

426 1247 890 1334 fundamento,
951 1249 1223 1322 Christo
1284 1250 1577 1333 scilicet,
1643 1251 1753 1323 cui
1816 1250 2314 1343 superstruitur
2371 1257 2589 1321 totum
2667 1239 2671 1244 ’

426 1363 814 1437 aedificium.
877 1366 974 1438 De
1026 1365 1187 1449 fide,
1246 1366 1630 1451 carissime,
1693 1366 1820 1437 alia
1873 1368 2164 1460 plurima
2227 1369 2295 1437 in
2360 1367 2590 1438 Sacris

425 1481 708 1553 Litteris
742 1490 1136 1554 occurrunt.
1181 1482 1315 1554 Sed
1362 1504 1576 1576 pauca
1630 1483 1779 1555 haec
1831 1504 1911 1555 ex
1964 1482 2197 1555 multis
2249 1482 2588 1575 exscripsi

427 1603 495 1667 et
557 1596 923 1668 Dilectioni
984 1604 1118 1668 tuae
1175 1597 1243 1668 in
1308 1597 1701 1670 memoriam
1756 1598 2096 1681 revocavi,
2156 1607 2229 1669 ut
2280 1598 2462 1669 scias
2523 1605 2591 1669 et

427 1710 705 1795 doceas,
746 1720 821 1784 ut
854 1712 1095 1784 credas
1145 1720 1215 1783 et
1265 1713 1379 1783 alii
1432 1709 1560 1784 tibi
1609 1714 1912 1785 credant.
1957 1714 2327 1805 Postquam
2363 1720 2587 1784 autem

427 1847 506 1897 ea
555 1826 835 1918 legeris,
894 1826 1192 1920 fideique
1245 1826 1575 1900 didiceris
1627 1849 1862 1921 opera,
1922 1827 2172 1899 similis
2225 1836 2375 1899 esto
2428 1848 2591 1900 arvo

426 1941 550 2023 illi,
604 1942 788 2035 quod
843 1962 1077 2013 semen
1133 1942 1382 2014 bonum
1436 1943 1570 2014 sibi
1627 1943 2097 2015 concreditum
2151 1963 2304 2014 cum
2358 1951 2587 2014 cente-

427 2058 628 2142 sim0‚
688 2058 1117 2152 sexagesimo
1179 2059 1285 2129 vel
1349 2057 1708 2151 trigesimo
1761 2059 2021 2131 foenore
2075 2059 2395 2131 reddidit..
2461 2060 2582 2142 lta,

427 2173 696 2265 quando
734 2173 1095 2244 Dominum
1132 2183 1318 2244 tuum
1356 2173 1605 2256 adibis,
1649 2195 1921 2245 servum
1976 2174 2252 2257 bonum,
2291 2173 2583 2267 diligen-

426 2296 561 2361 tem
598 2309 676 2360 ac
722 2288 990 2361 fidelem
1045 2297 1113 2360 te
1165 2288 1511 2370 salutabit,
1554 2296 1623 2359 et
1675 2296 1960 2381 propter
2011 2289 2351 2382 insignem
2407 2299 2588 2361 tuam

427 2405 817 2477 fidelitatem
857 2406 927 2475 in
964 2405 1112 2497 ejus
1152 2425 1436 2497 regnum
1473 2404 1879 2476 admitteris.
1934 2434 1967 2467 >³

526 2521 654 2608 Qui
708 2522 855 2593 haec
907 2528 1249 2612 excerpta,
1298 2519 1507 2591 multo
1554 2520 1777 2613 magis
1828 2521 1944 2614 qui
1999 2522 2360 2591 Homiliam
2412 2522 2584 2594 inte-

426 2661 612 2732 gram
685 2661 839 2711 cum
907 2637 1430 2731 interrogatoris
1509 2640 1811 2727 Epistola
1889 2637 2303 2719 contulerit,
2393 2637 2589 2710 facile

425 2754 707 2848 colliget
746 2755 979 2834 ambas
1031 2755 1136 2826 sic
1189 2775 1347 2825 esse
1400 2762 1851 2846 comparatam,
1897 2761 1969 2824 ut
2012 2753 2179 2854 ‘huic
2231 2775 2354 2846 per
2405 2755 2585 2824 illam

425 2871 844 2943 satisfactum
915 2871 1023 2943 sit.
1096 2870 1474 2963 Aphraates
1555 2869 1812 2962 quippe
1891 2868 2162 2941 videtur
2230 2869 2296 2938 in
2370 2869 2587 2961 prima

423 2990 905 3059 Dissertatione
954 2986 1366 3080 praestitisse
1428 3006 1878 3079 quaecumque
1936 2985 2148 3056 misso
2214 2984 2447 3055 libello
2504 2985 2587 3055 ab

422 3106 577 3196 ipso
612 3106 950 3197 postulata
986 3105 1273 3186 fuerant,
1309 3124 1430 3175 seu
1471 3132 1505 3167 ιι
1542 3102 2050 3194 conscripsisse
2087 3101 2583 3173 institutionem

422 3220 507 3292 de
561 3220 721 3303 fide,
764 3222 1108 3313 quomodo
1164 3241 1409 3312 nempe
1463 3241 1539 3292 se
1595 3220 1860 3300 habeat,
1905 3218 2244 3313 quodnam
2299 3218 2390 3290 sit
2442 3218 2590 3309 ejus

422 3335 955 3419 fundamentum,
999 3336 1342 3429 quodnam
1377 3332 1742 3406 aedificium
1772 3334 1840 3404 in
1878 3333 2063 3426 quod
2102 3334 2215 3404 illa
2250 3333 2578 3426 assurgit.

423 3453 673 3546 quibus
712 3452 876 3524 insit
912 3453 1329 3534 hominibuS‚
1375 3452 1599 3544 qualis
1657 3451 1802 3542 ejus
1859 3451 2353 3522 consummatio
2388 3458 2590 3543 atque

422 3569 779 3661 perfectio,
838 3590 1144 3662 quaeuam
1195 3588 1404 3661 opera
1453 3568 1536 3639 ad
1594 3568 1766 3639 hanc
1816 3565 2305 3658 perfectionem
2359 3568 2587 3658 requi-

423 3693 524 3768 rat
557 3681 658 3780 (A).
710 3714 745 3748 »

488 3925 557 3984 (t)
593 3924 719 3975 Haec
741 3928 870 3975 sunt
892 3921 1010 3987 ipsa
1035 3920 1195 3973 amici
1221 3919 1612 3988 interrogantis
1630 3921 1815 3981 verba,
1836 3917 2014 3985 qualia
2043 3915 2374 3983 awrigutio,
2392 3930 2478 3980 op.
2495 3918 2586 3969 cic.

422 4049 539 4105 pag.
580 4042 628 4096 ε,
666 4038 1031 4092 exhibentur:
1067 4025 1216 4087 ..Α
1252 4024 1420 4121 '5²⁸2
1479 4005 1629 4106 iba]
1678 4038 1827 4119 »ῥυ
1870 4023 2168 4116 &ag-2
2209 4038 2343 4118 »εὖ
2384 4007 2588 4114 [τὰ]

423 4195 438 4210 .
474 4137 723 4238 odfin-A]
764 4156 947 4231 iza-12
1004 4169 1293 4250 &zama
1332 4140 1505 4243 κβ]
1551 4198 1565 4215 .
1612 4169 1911 4220 amna
1972 4167 2247 4229 -οοιωιρ
2281 4134 2426 4246 [μὶ]
2476 4145 2592 4250 ¹¹53

419 4286 716 4377 <miae
797 4329 811 4346 .
891 4268 1096 4368 mh
1169 4272 1387 4370 um]
1455 4289 1570 4361 tm
1632 4287 1781 4350 sse
1850 4328 1866 4346 .
1935 4270 2254 4369 andiu]
2315 4309 2401 4370 09·
2429 4284 2585 4378 ipio
