3175 5084
26 690 29 751 ἔ

26 762 29 789 i

26 794 29 803 A

26 816 29 827 t

26 848 29 855 .

26 904 29 915 Ι

1253 429 1664 493 ..15-

356 617 740 703 susceperit
793 615 896 708 (⁴).
957 614 1057 684 Ita
1108 613 1320 707 igitur
1380 613 1602 700 decet,
1658 614 2071 698 charissimi,
2129 617 2212 685 ab
2276 639 2356 690 eo
2420 619 2537 711 qui

352 729 604 822 jugum
658 727 916 799 Christi
974 735 1201 821 portat
1252 728 1384 800 hoc
1439 730 1506 798 in
1561 730 1855 821 puritate
1908 730 2193 803 servari.
2234 760 2269 796 »
2315 774 2409 785 -—
2454 735 2540 803 Et

359 846 515 916 haec
575 843 854 935 quidem
928 844 1322 926 ostendunt,
1363 845 1772 916 coenobitam
1829 845 2044 917 fuisse
2090 847 2307 917 virum
2347 849 2537 920 illum

363 957 488 1049 qui
527 942 820 1049 Sapiens
848 958 1057 1028 Persa
1090 967 1393 1029 vocatur.

467 1071 546 1139 In
610 1071 796 1141 clero
849 1079 1072 1141 autem
1128 1072 1576 1142 constitutum
1633 1092 1785 1143 eum
1839 1072 2054 1144 fuisse
2106 1074 2422 1164 probant,
2468 1085 2541 1147 ut

363 1183 536 1253 mihi
578 1183 874 1266 videtur,
917 1204 1005 1254 ea·
1030 1205 1184 1276 quae
1222 1185 1505 1276 scripsit
1540 1186 1608 1254 in
1648 1185 1843 1256 initio
1878 1189 2191 1275 Epistolae
2227 1209 2349 1258 seu
2384 1191 2540 1260 Dis·

358 1300 788 1380 sermationi-5,
832 1320 1032 1389 quam
1070 1300 1465 1390 composuit
1500 1300 1586 1370 de
1623 1301 2063 1371 contentione
2093 1311 2159 1371 et
2194 1301 2535 1388 dissidiis,

360 1411 577 1483 variis
614 1412 684 1482 in
723 1412 896 1482 locis
932 1419 1219 1504 propter
1269 1414 1748 1506 gloriationem
1798 1424 1864 1486 et
1914 1416 2304 1507 superbiam
2361 1418 2540 1488 exis-

362 1525 701 1608 tentibus,
743 1534 812 1595 et
846 1525 931 1597 de
963 1527 1592 1599 concertationibus
1629 1530 2054 1621 principatus
2079 1551 2281 1600 causa
2317 1530 2532 1603 initia.

364 1646 531 1712 Haec
582 1639 679 1709 ibi
733 1640 1067 1711 habentur
1128 1639 1200 1737 (2)
1262 1666 1276 1711 ε
1334 1671 1369 1706 «
1407 1642 1768 1713 Scribendi
1819 1645 2187 1732 Epistolam
2235 1644 2406 1714 hanc
2458 1645 2542 1714 ad

362 1756 616 1826 fratres
648 1765 953 1840 nostrOS‚
1007 1779 1248 1828 omnes
1286 1758 1619 1829 Ecclesiae
1657 1757 1837 1828 filios
1860 1755 1959 1854 (3),
2006 1759 2122 1850 qui
2150 1759 2445 1830 diversis
2463 1759 2543 1829 ‘in

363 1869 775 1962 regionibus
808 1870 1097 1963 degunt,
1141 1872 1506 1943 consilium
1545 1872 1881 1963 cepimuS,
1936 1872 2094 1943 dum
2141 1874 2544 1967 congregati

335 1996 612 2057 'sumus
683 1984 784 2080 (4),
852 2007 981 2058 nos
1048 1986 1150 2078 (5),
1221 1988 1577 2079 Episcopi,
1648 1986 2063 2080 presbyteri,
2139 1988 2409 2059 diaconi
2478 1999 2547 2061 et

364 2100 599 2171 omnis
628 2102 923 2172 ecclesia
952 2102 1102 2185 Dei,
1137 2124 1272 2172 una
1297 2123 1451 2173 cum
1482 2102 1824 2173 universis
1861 2101 2199 2173 variorum
2236 2086 2544 2174 locorum

367 2214 614 2286 liberis
644 2215 819 2306 ejus,
854 2216 972 2307 qui
1002 2215 1362 2287 nobiscum
1393 2224 1578 2288 sunt.
1609 2216 1959 2288 Fratribus
1989 2216 2247 2289 nostris
2275 2218 2546 2289 carissi-

366 2330 533 2413 mis,
580 2331 978 2422 EpiscopiS,
1021 2332 1478 2425 presbyteris,
1524 2332 1861 2415 diaconis,
1906 2332 2086 2403 sicut
2122 2341 2189 2403 et
2225 2334 2547 2405 omnibus

371 2445 712 2517 Ecclesiae
783 2446 1049 2530 liberiS,
1118 2447 1234 2539 qui
1297 2448 1654 2519 vobiscum
1718 2456 1903 2531 sunt,
1964 2447 2286 2519 universo
2343 2449 2545 2519 etiam

370 2560 634 2651 populo
672 2560 793 2630 Dei
834 2560 1194 2657 Seleuciae,
1240 2560 1701 2652 Ctesiphonte*
1735 2546 1937 2652 atque
1986 2581 2110 2651 per
2161 2562 2346 2632 varia
2398 2564 2548 2634 loca

368 2675 724 2755 existenti,
761 2675 851 2745 sit
890 2674 956 2743 in
998 2675 1317 2761 Domino,
1361 2677 1503 2746 Deo
1539 2697 1618 2745 ac
1653 2675 2086 2748 vivificatore
2128 2684 2392 2761 nostro,
2430 2678 2547 2769 qui

369 2811 503 2882 per
556 2788 901 2861 Christum
956 2812 1153 2863 suum
1216 2791 1420 2863 vitam
1481 2791 1672 2862 dedit
1727 2792 1927 2863 nobis
1991 2812 2255 2883 nosque
2318 2792 2402 2862 ad
2471 2813 2546 2864 se

370 2896 679 2989 attraxit,
721 2927 850 2996 pax
886 2927 1154 3000 magna.
1206 2935 1241 2970 »
1302 2907 1390 2978 Ut
1432 2907 1649 2990 videS,
1698 2907 1891 2978 hisce
1945 2904 2200 2976 indicat
2260 2905 2547 2998 Sapiens

369 3021 589 3089 Persa
625 3038 779 3089 sese
816 3020 1002 3090 clero
1035 3029 1552 3091 annumeratum
1589 3021 1833 3104 fuisse,
1870 3021 2054 3113 quod
2091 3021 2539 3093 asseruimus.

388 3214 412 3224 l
474 3133 766 3205 Ubinam
825 3155 987 3205 vero
1051 3144 1612 3219 commoraretur,
1681 3135 2020 3218 Nisibine,
2073 3143 2148 3206 ut
2198 3143 2544 3207 autumant

442 3380 518 3441 (3)
554 3376 701 3469 (ινδ
736 3369 890 3453 da,
926 3376 1066 3441 filios
1090 3379 1357 3434 Ecclesiae.
1387 3384 1460 3451 Ne
1486 3381 1610 3447 quis
1637 3380 1896 3434 vocabula
1926 3380 2111 3432 Latina
2133 3379 2272 3444 filios
2297 3380 2548 3435 Ecclesioe

372 3490 543 3535 sensu
569 3489 603 3529 a
628 3483 810 3530 mente
833 3478 1070 3531 auctoris
1095 3477 1276 3534 alieno
1302 3481 1551 3546 accipiat,
1578 3481 1912 3534 monendum
1938 3493 2156 3541 censeo,
2183 3480 2549 3546 appellatione

373 3562 599 3629 syriaca
638 3561 778 3652 μρ
810 3552 970 3629 uia,
1016 3561 1103 3613 cui
1137 3561 1228 3613 illa
1266 3564 1594 3616 verbotenus
1635 3563 1989 3628 respondent,
2014 3575 2080 3615 ex
2112 3575 2216 3614 usu
2254 3563 2546 3624 constanti,

376 3678 492 3718 non
514 3663 698 3728 fideles
722 3671 1100 3727 quoscumque,
1128 3658 1224 3709 sed
1262 3658 1408 3710 viros
1444 3658 1827 3711 ecclesiasticos
1863 3670 1958 3710 seu
1996 3659 2211 3710 clericos
2252 3657 2546 3725 designari.

443 3751 518 3811 (4)
552 3749 813 3811 suppono
840 3742 929 3794 hic
952 3741 1151 3794 factum
1175 3753 1299 3792 esse
1324 3741 1468 3806 quod
1496 3741 1550 3792 in
1578 3740 1846 3806 eJ'usmodi
1874 3740 2037 3792 rebus
2077 3738 2195 3792 fieri
2230 3740 2391 3802 solet,
2428 3740 2548 3805 ipso

377 3831 496 3892 illo,
521 3839 632 3894 quo
656 3836 950 3878 consessus
974 3821 1283 3883 haberetur,
1311 3827 1573 3887 tempore,
1601 3821 1899 3883 Epistotam
1926 3821 1993 3872 ab
2026 3821 2292 3886 aphraate
2328 3834 2393 3873 ex
2433 3832 2551 3873 om·

378 3912 535 3964 nium
577 3906 846 3962 sententia
886 3911 1048 3970 atque
1088 3904 1407 3957 auctoritate
1462 3903 1741 3969 scriptam.
1802 3901 1861 3954 ld
1926 3909 2107 3955 tamen
2164 3915 2275 3955 non
2323 3903 2552 3970 exigunt

380 3993 546 4045 verba
571 3988 787 4056 Syriaca
821 3999 1078 4077 <uqa
1101 4008 1193 4078 5³⁹
1214 3999 1354 4052 quae,
1372 3985 1418 4039 si
1435 3997 1530 4052 per
1546 3997 1608 4038 se
1631 3991 1934 4048 sumantur,
1958 3985 2095 4039 verti
2114 3984 2277 4037 etiam
2295 3992 2545 4050 possent:

380 4092 515 4142 dum
537 4090 846 4152 conareqati
869 4101 1122 4143 essemus.

453 4171 525 4233 (5)
583 4182 724 4258 τι...
765 4182 1065 4236 pronomen
1108 4169 1262 4221 deest
1298 4166 1437 4234 apud
1477 4166 1823 4232 Apbraatem‚
1850 4165 1951 4219 loc.
1979 4165 2071 4219 cit.
2115 4167 2554 4219 Sensum'tamen
