3175 5084
1330 469 1789 544 ..367-

469 668 619 740 sine
655 690 789 762 qua
826 689 960 740 non
1000 669 1227 762 possit
1266 670 1439 742 ratio
1493 670 1783 741 humana
1834 670 1917 742 ad
1973 691 2118 743 eam
2172 670 2640 765 cognitionem

464 786 860 879 pervenire;
920 808 1050 860 nec
1103 788 1183 859 ad
1239 788 1788 883 recognitionem
1831 797 2092 862 tantum
2141 790 2451 864 veritatis
2503 790 2639 865 fide

467 900 775 986 creditae,
834 901 957 974 sed
995 901 1078 972 ad
1118 902 1517 975 rationalem
1569 903 2040 996 cognitionem
2095 905 2447 978 sufficiens
2501 925 2639 977 ma-

466 1016 811 1090 nifestatio
840 1017 962 1089 Dei
1000 1039 1126 1111 per
1160 1027 1505 1092 creaturas
1533 1019 1604 1090 in
1633 1020 1880 1093 iisdem
1909 1020 2288 1115 Scripturis
2320 1021 2635 1095 docetur.

1407 1279 1690 1342 XXXIX.

562 1475 769 1548 Notio
807 1476 932 1549 Dei
968 1475 1313 1569 primitiva
1366 1485 1433 1549 et
1486 1477 1707 1550 adhuc
1760 1478 2045 1551 confusa
2079 1501 2116 1551 a
2154 1479 2274 1552 SS.
2320 1480 2639 1553 Patribus

465 1612 603 1663 non
640 1612 722 1664 eo
762 1611 972 1663 sensu
1010 1603 1283 1664 naturoe
1333 1595 1548 1665 insita
1600 1592 2006 1685 appellatur,
2041 1614 2178 1686 quo
2215 1595 2639 1669 recentiores

464 1705 743 1799 quidam
797 1707 883 1778 de
935 1707 1111 1779 ideis
1165 1708 1417 1779 innatis
1472 1709 1874 1801 loquuntur.
1945 1708 2110 1781 Ideo
2165 1709 2360 1795 enim!
2400 1712 2639 1785 Patres

462 1821 648 1893 illam
684 1821 808 1895 Dei
846 1823 1157 1894 notitiam
1194 1845 1349 1894 cum
1386 1823 1540 1916 ipsa
1588 1823 1904 1895 rationali
1957 1832 2198 1895 natura
2250 1833 2638 1898 consertam

462 1935 740 2020 dicunt,
816 1936 1001 2030 quod
1071 1946 1330 2009 naturae
1400 1938 1613 2010 insito
1679 1935 1943 2025 lumine
2004 1959 2085 2008 ex
2147 1939 2347 2011 obvia
2409 1960 2636 2012 rerum

463 2052 951 2125 mundanarum
989 2053 1542 2126 consideratione
1604 2054 1776 2126 citra
1836 2053 2355 2147 inquisitionem
2412 2057 2637 2149 philo-

464 2168 817 2260 sophicam
878 2177 947 2240 et
1007 2168 1178 2241 citra
1243 2169 1749 2244 institutionem
1817 2168 2135 2262 positivae
2198 2171 2636 2244 revelationis

459 2283 646 2356 velut
682 2292 930 2376 sponte
966 2284 1424 2377 concipiatur.

1482 2555 1616 2619 XL.

557 2756 657 2824 Ex
728 2754 1231 2848 Scripturarum
1304 2755 1739 2839 auctoritate,
1819 2757 2092 2828 Patrum
2166 2756 2495 2859 suffragio
2566 2766 2634 2830 et

459 2868 828 2941 universali
890 2869 1180 2962 quadam
1232 2868 1607 2941 christiana
1666 2871 2118 2961 persuasione
2172 2870 2628 2943 indubitatum

459 2990 590 3068 est,
632 2983 716 3054 ad
753 2983 1093 3074 objectum
1132 2984 1515 3057 infallibilis
1551 2985 1864 3058 scientiae
1894 2987 2018 3058 Dei
2054 2985 2402 3079 pertinere
2438 2994 2632 3061 actus

457 3096 539 3167 ad
577 3120 753 3191 quos
782 3107 1009 3171 creata
1032 3100 1348 3173 voluntas
1378 3100 1508 3172 sub
1537 3101 2051 3175 conditionibus
2080 3108 2303 3172 actum
2333 3101 2628 3193 primum

458 3212 1036 3285 constituentibus
1090 3222 1158 3286 et
1211 3235 1365 3286 cum
1416 3223 1571 3287 actu
1626 3214 1934 3288 secundo
1971 3236 2051 3288 ex
2089 3236 2246 3288 sese
2284 3225 2352 3288 et
2387 3225 2628 3310 suapte

459 3327 687 3400 indole
724 3351 859 3401 non
899 3330 1349 3402 infallibiliter
1384 3333 1581 3404 nexis
1636 3354 1713 3404 se
1768 3332 1985 3424 ipsam
2041 3332 2256 3404 libere
2304 3332 2628 3406 determi-

459 3452 693 3514 natura
730 3453 941 3527 esset,
982 3443 1043 3516 si
1080 3446 1515 3519 conditiones
1556 3448 1692 3519 illae
1731 3469 1976 3540 reapse
2013 3456 2458 3540 ponerentur.

1464 3705 1624 3768 XLl.

553 3903 914 3974 voluntate
949 3903 1422 3986 antecedente,
1466 3924 1626 3974 vora
1661 3912 1883 3974 tamen
1941 3912 2007 3974 et
2061 3909 2366 3984 actuosa,
2411 3902 2626 3971 Deum

456 4017 526 4086 in
585 4017 719 4088 hoc
778 4017 1019 4089 ordine
1079 4017 1358 4111 generis
1423 4017 1699 4088 humani
1762 4017 1934 4110 lapsi
1999 4025 2066 4087 et
2133 4015 2426 4107 reparati
2487 4035 2623 4085 non

456 4153 691 4204 eorum
754 4135 955 4206 inodo
1019 4135 1137 4226 qui
1198 4135 1571 4216 salvantur,
1639 4132 1763 4204 scd
1823 4131 2110 4204 aliorum
2184 4131 2383 4203 etiam
2449 4132 2623 4203 velle

457 4255 777 4321 aeternam
814 4251 1129 4333 salutem,
1174 4248 1379 4321 immo
1417 4250 1833 4322 voluntatem
1872 4249 2048 4320 hanc
2083 4246 2498 4321 salutiferam
2536 4246 2620 4318 ad
