3175 5084
1555 505 1955 572 ..68-

677 694 1005 769 mediocri
1039 693 1220 788 apud
1266 703 1654 767 coaetaneos
1708 715 1863 767 eum
1896 693 2196 767 valuisse
2231 693 2478 766 exinde
2521 701 2829 786 apparet,

673 811 860 907 quod
895 809 964 881 hi
999 809 1084 881 ab
1119 829 1201 882 eo
1235 809 1666 902 postularent
1699 808 2116 882 solutionem
2152 808 2608 902 quaestionum
2651 807 2720 878 in
2757 827 2833 879 rc
2872 800 2878 811 '

671 946 867 999 sacra
898 935 1035 999 tam
1067 924 1458 1019 theologica
1501 945 1703 1016 quam
1751 923 2103 1018 exegetica
2148 923 2637 1008 difficiliorum,
2680 923 2833 1016 ipse

666 1065 858 1129 vero,
902 1042 972 1113 in
1023 1040 1316 1114 solemni
1368 1039 1748 1114 Praesulum
1799 1048 2002 1134 atque
2051 1039 2609 1134 presbyterorum
2665 1059 2831 1112 con-

669 1179 900 1242 sessu,
939 1158 1307 1248 Epi-stolam
1343 1155 1430 1228 de
1466 1156 1674 1228 rebus
1725 1155 2002 1248 agitatis
2047 1177 2125 1229 ac
2175 1155 2478 1228 definitis
2527 1156 2832 1229 omnium

669 1273 944 1347 nomine
993 1273 1079 1344 ad
1115 1272 1372 1344 clerum
1410 1279 1478 1344 et
1519 1271 1761 1344 fideles
1800 1270 2109 1345 scribere
2134 1271 2518 1364 juberetur,
2560 1280 2628 1343 et
2662 1271 2830 1343 alias

671 1410 914 1483 magna
945 1408 1100 1460 cum
1137 1386 1410 1472 fiducia,
1450 1386 1604 1459 data
1657 1386 2047 1471 occasione,
2089 1386 2475 1479 Episcopos
2510 1385 2711 1458 etiam
2747 1386 2830 1461 ad

669 1505 1068 1601 diligentem
1138 1500 1440 1575 muneris
1501 1501 1610 1574 sui
1669 1500 2225 1601 adimpletionem
2285 1500 2630 1574 adhortari
2693 1523 2829 1575 non

666 1619 1031 1692 dubitaret.
1098 1612 1404 1706 Quarum
1471 1616 1749 1709 quidem
1815 1616 2268 1688 assertionum
2339 1637 2493 1689 cum
2551 1617 2827 1712 longior
2932 1717 2950 1723 Ι

665 1733 1005 1828 expositio
1040 1734 1287 1826 partim
1323 1732 1736 1804 reservanda
1766 1730 2076 1806 videatur
2110 1731 2179 1801 in
2232 1751 2387 1802 eum
2435 1732 2661 1804 locum
2706 1733 2825 1806 ubi

662 1848 1021 1943 speciatim
1069 1869 1352 1943 agemus
1401 1849 1487 1919 de
1535 1846 1836 1919 auctoris
1887 1847 2108 1919 nostri
2153 1867 2432 1920 munere
2478 1856 2547 1921 et
2598 1847 2824 1944 digni-

659 1973 799 2038 tate
851 1964 957 2059 (ι),
1023 1985 1159 2036 non
1214 1985 1586 2057 possumus
1636 1970 1859 2035 tamen
1914 1963 2105 2056 quin,
2174 1964 2520 2037 mentione
2578 1965 2826 2058 injecta

625 2064 930 2152 ¹illorum
975 2079 1094 2173 qui
1141 2079 1418 2174 plurimi
1475 2079 1778 2150 facerent
1831 2078 1980 2170 ejus
2034 2078 2105 2148 in
2157 2077 2550 2170 disciplinis
2606 2081 2824 2153 sacris

659 2193 1129 2270 auctoritatem
1212 2202 1454 2287 atque,
1498 2194 1945 2278 sententiam,
2022 2194 2136 2266 hic
2212 2215 2825 2270 commemoremus

656 2311 1028 2401 Epistolam
1063 2329 1216 2402 quae
1251 2308 1334 2379 ad
1372 2308 1599 2401 ipsum
1635 2307 2198 2402 interrogationis
2234 2329 2438 2382 causa
2475 2311 2685 2383 missa
2718 2319 2828 2385 est

657 2433 725 2496 et
750 2425 1319 2496 Dissertationum
1348 2444 1519 2516 quas
1549 2423 1916 2495 etiamnum
1944 2423 2271 2523 habemus
2308 2425 2824 2498 scribendarum

653 2539 872 2633 prima
907 2539 1035 2611 fuit
1060 2538 1358 2610 occasio.
1406 2538 1739 2624 Quoniam
1770 2538 2030 2610 veroin
2061 2539 2228 2611 Mss.
2269 2540 2487 2612 Codd.
2524 2542 2825 2635 Syriacis

649 2656 963 2745 Epistoloe
1005 2651 1273 2723 initium
1329 2651 1629 2724 deletum
1683 2662 1815 2735 est,
1860 2652 1928 2723 id
1986 2675 2067 2724 ex
2117 2656 2565 2728 translatione
2612 2656 2823 2729 Anto-

651 2768 814 2840 nelli
847 2763 922 2864 (a)
962 2775 1370 2851 mutuamur,
1414 2768 1747 2860 reliquam
1779 2776 2041 2860 partem
2078 2791 2159 2840 ex
2198 2770 2504 2843 editione
2543 2771 2821 2866 Wrigh-

649 2885 833 2956 tiana
866 2880 941 2981 (3)
980 2884 1048 2954 in
1078 2882 1399 2961 *Latinum
1432 2886 2215 2985 vertendosermonem.
2254 2889 2575 2974 Quaenam
2613 2889 2826 2981 igitur

649 2998 901 3073 fuerint
936 2999 1498 3093 interrogationis
1531 2999 1743 3073 verba
1794 3010 1861 3072 et
1913 3009 2112 3073 tenor
2165 3024 2247 3075 ex
2290 3013 2584 3095 utroque
2633 3002 2821 3075 fonte

650 3114 854 3186 simul
890 3115 1141 3187 collato
1178 3115 1440 3208 accipe.

750 3257 788 3294 «
822 3228 981 3300 Misi
1016 3228 1099 3300 ad
1134 3236 1230 3314 te,
1262 3229 1646 3315 carissime,
1678 3216 2098 3323 quaestiones
2134 3231 2423 3325 aliquas,
2457 3232 2541 3304 de
2570 3232 2821 3325 quibus
2917 3233 2940 3247 ‘

650 3355 717 3417 te
753 3346 1116 3417 consulere
1153 3344 1319 3415 mihi
1355 3365 1645 3419 necesse
1681 3344 1832 3419 fuit.
1868 3347 1966 3418 Tu
2004 3347 2239 3419 audire
2275 3368 2383 3419 me
2419 3369 2503 3420 ne
2539 3369 2813 3422 renuas.

646 3460 856 3531 Multa
911 3459 1090 3532 enim
1152 3468 1337 3545 sunt,
1404 3479 1560 3553 quae
1620 3481 1887 3533 mecum
1951 3461 2175 3533 animo
2235 3469 2591 3554 reputanS,
2658 3462 2821 3535 inde

649 3585 874 3650 motus
927 3598 1080 3650 sum
1132 3584 1208 3650 ut
1254 3577 1340 3648 ad
1388 3585 1457 3650 te
1513 3578 1890 3652 scriberem
1941 3575 2041 3676 (4);
2085 3587 2154 3652 et
2207 3586 2279 3651 tu
2327 3579 2596 3675 aperias
2655 3579 2819 3652 mihi

711 3806 789 3951 g}
825 3804 1301 3952 ἓὶξαιὲῗῧαέἑίἰ
1328 3887 1581 3955 Episcopi
1600 3887 1874 3956 Nisibeni3
1898 3892 2104 3954 Romae,
2130 3890 2280 3945 ¹756.
2302 3887 2599 3956 Epistotam
2623 3889 2692 3943 de
2712 3849 2820 3955 dua

644 3965 807 4021 nobis
847 3980 1029 4022 sermo
1075 3974 1178 4034 est,
1223 3982 1499 4038 quamque
1539 3972 1803 4040 Gregorio
1852 3971 2211 4026 llluminatori
2257 3983 2487 4027 erronee
2529 3968 2823 4036 adscripsit

643 4049 960 4114 translator,
986 4050 1247 4106 exhibent
1272 4064 1432 4122 pagg.
1459 4056 1482 4106 1
1514 4059 1570 4108 et
1592 4055 1644 4109 2.
1936 4083 1940 4086 ·

706 4149 780 4212 (5)
816 4147 929 4201 The
948 4147 1194 4204 homilias
1217 4149 1282 4216 of
1296 4149 1635 4217 Apnraates,
1660 4164 1785 4222 pag.
1811 4159 1837 4213 2
1884 4179 1899 4197 ·

643 4231 1104 4379 exggesllsgcgslclltue
1126 4233 1463 4288 Antonellus.
1499 4236 1630 4299 Quae
1664 4246 1796 4291 vero
1836 4237 2142 4302 sequuntur
2180 4234 2248 4288 ad
2288 4239 2494 4290 textum
2535 4232 2817 4300 Syriacum

2800 5040 2811 5046 ⁴
2869 5046 2918 5065 -Α-
2949 5019 2978 5065 ⁶-
2997 4913 3163 5065 §iz—¹]
