<?xml version="1.0" encoding="UTF-8"?>
<!DOCTYPE html PUBLIC "-//W3C//DTD XHTML 1.0 Transitional//EN"
    "http://www.w3.org/TR/xhtml1/DTD/xhtml1-transitional.dtd">
<html xmlns="http://www.w3.org/1999/xhtml" xml:lang="en" lang="en">
 <head>
  <title>
</title>
<meta http-equiv="Content-Type" content="text/html;charset=utf-8" />
  <meta name='ocr-system' content='tesseract 3.04.00' />
  <meta name='ocr-capabilities' content='ocr_page ocr_carea ocr_par ocr_line ocrx_word'/>
</head>
<body>
  <div class='ocr_page' id='page_1' title='image "./devitaetscripti00forggoog_0258.png"; bbox 0 0 3175 5084; ppageno 0'>
   <div class='ocr_carea' id='block_1_1' title="bbox 592 491 2768 4018">
    <p class='ocr_par' dir='ltr' id='par_1_1' title="bbox 1456 491 1904 598">
     <span class='ocr_line' id='line_1_1' title="bbox 1456 491 1904 598; baseline 0 -56"><span class='ocrx_word' id='word_1_1' title='bbox 1456 527 1534 542; x_wconf 88' lang='grc'><strong>...</strong></span> <span class='ocrx_word' id='word_1_2' title='bbox 1616 491 1743 558; x_wconf 75' lang='lat'><strong>236</strong></span> <span class='ocrx_word' id='word_1_3' title='bbox 1788 525 1904 598; x_wconf 62' lang='lat'><strong>„—</strong></span> 
     </span>
    </p>

    <p class='ocr_par' dir='ltr' id='par_1_2' title="bbox 595 678 2763 2258">
     <span class='ocr_line' id='line_1_2' title="bbox 601 678 2752 774; baseline 0.002 -25"><span class='ocrx_word' id='word_1_4' title='bbox 601 679 883 753; x_wconf 72' lang='lat' dir='ltr'><strong>tirmiter</strong></span> <span class='ocrx_word' id='word_1_5' title='bbox 916 701 1318 774; x_wconf 87' lang='lat' dir='ltr'><strong>persuasum</strong></span> <span class='ocrx_word' id='word_1_6' title='bbox 1354 679 1570 754; x_wconf 86' lang='lat' dir='ltr'><strong>fuisse</strong></span> <span class='ocrx_word' id='word_1_7' title='bbox 1605 681 1855 774; x_wconf 80' lang='lat' dir='ltr'>dogma</span> <span class='ocrx_word' id='word_1_8' title='bbox 1906 680 1993 753; x_wconf 91' lang='lat' dir='ltr'><strong>de</strong></span> <span class='ocrx_word' id='word_1_9' title='bbox 2045 680 2348 764; x_wconf 88' lang='lat' dir='ltr'><strong>Christo,</strong></span> <span class='ocrx_word' id='word_1_10' title='bbox 2391 678 2516 753; x_wconf 90' lang='lat' dir='ltr'><strong>Dei</strong></span> <span class='ocrx_word' id='word_1_11' title='bbox 2551 680 2752 766; x_wconf 86' lang='lat' dir='ltr'><strong>Filio,</strong></span> 
     </span>
     <span class='ocr_line' id='line_1_3' title="bbox 600 797 2751 892; baseline 0.001 -26"><span class='ocrx_word' id='word_1_12' title='bbox 600 797 781 867; x_wconf 88' lang='lat' dir='ltr'><strong>Patri</strong></span> <span class='ocrx_word' id='word_1_13' title='bbox 830 797 1431 882; x_wconf 89' lang='lat' dir='ltr'><strong>consubstantiali;</strong></span> <span class='ocrx_word' id='word_1_14' title='bbox 1498 797 1819 891; x_wconf 90' lang='lat' dir='ltr'><strong>quoniam</strong></span> <span class='ocrx_word' id='word_1_15' title='bbox 1879 806 2128 881; x_wconf 89' lang='lat' dir='ltr'><strong>tamen,</strong></span> <span class='ocrx_word' id='word_1_16' title='bbox 2197 806 2272 871; x_wconf 88' lang='lat' dir='ltr'><strong>ut</strong></span> <span class='ocrx_word' id='word_1_17' title='bbox 2335 798 2486 892; x_wconf 84' lang='lat' dir='ltr'><strong>ipse</strong></span> <span class='ocrx_word' id='word_1_18' title='bbox 2539 806 2751 882; x_wconf 87' lang='lat' dir='ltr'><strong>notat,</strong></span> 
     </span>
     <span class='ocr_line' id='line_1_4' title="bbox 601 912 2761 1012; baseline 0.001 -29"><span class='ocrx_word' id='word_1_19' title='bbox 601 912 727 984; x_wconf 86' lang='lat' dir='ltr'><strong>bac</strong></span> <span class='ocrx_word' id='word_1_20' title='bbox 760 914 1044 987; x_wconf 84' lang='lat' dir='ltr'><strong>veritate</strong></span> <span class='ocrx_word' id='word_1_21' title='bbox 1087 914 1418 1008; x_wconf 85' lang='lat' dir='ltr'><strong>seposita,</strong></span> <span class='ocrx_word' id='word_1_22' title='bbox 1459 912 1681 987; x_wconf 85' lang='lat' dir='ltr'><strong>refelli</strong></span> <span class='ocrx_word' id='word_1_23' title='bbox 1718 921 2031 1012; x_wconf 82' lang='lat' dir='ltr'><strong>poterant</strong></span> <span class='ocrx_word' id='word_1_24' title='bbox 2082 914 2328 998; x_wconf 72' lang='lat' dir='ltr'><strong>sudaei,</strong></span> <span class='ocrx_word' id='word_1_25' title='bbox 2386 914 2473 987; x_wconf 88' lang='lat' dir='ltr'><strong>de</strong></span> <span class='ocrx_word' id='word_1_26' title='bbox 2523 915 2761 988; x_wconf 89' lang='lat' dir='ltr'><strong>eadem</strong></span> 
     </span>
     <span class='ocr_line' id='line_1_5' title="bbox 599 1030 2762 1124; baseline 0 -23"><span class='ocrx_word' id='word_1_27' title='bbox 599 1030 876 1102; x_wconf 88' lang='lat' dir='ltr'><strong>nonnisi</strong></span> <span class='ocrx_word' id='word_1_28' title='bbox 923 1051 1052 1124; x_wconf 85' lang='lat' dir='ltr'><strong>per</strong></span> <span class='ocrx_word' id='word_1_29' title='bbox 1086 1041 1520 1104; x_wconf 76' lang='lat' dir='ltr'><strong>transennam</strong></span> <span class='ocrx_word' id='word_1_30' title='bbox 1575 1031 1989 1104; x_wconf 81' lang='lat' dir='ltr'><strong>mentionem</strong></span> <span class='ocrx_word' id='word_1_31' title='bbox 2044 1031 2229 1105; x_wconf 86' lang='lat' dir='ltr'><strong>facit.</strong></span> <span class='ocrx_word' id='word_1_32' title='bbox 2293 1030 2468 1119; x_wconf 85' lang='lat' dir='ltr'><strong>Quid</strong></span> <span class='ocrx_word' id='word_1_33' title='bbox 2525 1031 2762 1124; x_wconf 74' lang='lat' dir='ltr'><strong>plura?</strong></span> 
     </span>
     <span class='ocr_line' id='line_1_6' title="bbox 598 1144 2760 1238; baseline 0.002 -21"><span class='ocrx_word' id='word_1_34' title='bbox 598 1144 903 1232; x_wconf 69' lang='lat' dir='ltr'><strong>Quaestio</strong></span> <span class='ocrx_word' id='word_1_35' title='bbox 937 1165 1072 1218; x_wconf 90' lang='lat' dir='ltr'><strong>non</strong></span> <span class='ocrx_word' id='word_1_36' title='bbox 1107 1152 1244 1217; x_wconf 87' lang='lat' dir='ltr'><strong>tam</strong></span> <span class='ocrx_word' id='word_1_37' title='bbox 1280 1145 1681 1218; x_wconf 88' lang='lat' dir='ltr'><strong>doctrinalis</strong></span> <span class='ocrx_word' id='word_1_38' title='bbox 1734 1145 1959 1238; x_wconf 88' lang='lat' dir='ltr'><strong>ipsum</strong></span> <span class='ocrx_word' id='word_1_39' title='bbox 2012 1146 2192 1218; x_wconf 89' lang='lat' dir='ltr'><strong>inter</strong></span> <span class='ocrx_word' id='word_1_40' title='bbox 2226 1154 2296 1219; x_wconf 91' lang='lat' dir='ltr'><strong>et</strong></span> <span class='ocrx_word' id='word_1_41' title='bbox 2327 1146 2760 1220; x_wconf 85' lang='lat' dir='ltr'><strong>adversarios</strong></span> 
     </span>
     <span class='ocr_line' id='line_1_7' title="bbox 598 1259 2762 1356; baseline 0.002 -25"><span class='ocrx_word' id='word_1_42' title='bbox 598 1259 1005 1353; x_wconf 78' lang='lat' dir='ltr'><strong>agitabatur,</strong></span> <span class='ocrx_word' id='word_1_43' title='bbox 1046 1281 1246 1354; x_wconf 90' lang='lat' dir='ltr'><strong>quam</strong></span> <span class='ocrx_word' id='word_1_44' title='bbox 1281 1260 1577 1333; x_wconf 85' lang='lat' dir='ltr'><strong>verbalis</strong></span> <span class='ocrx_word' id='word_1_45' title='bbox 1612 1268 1682 1333; x_wconf 90' lang='lat' dir='ltr'><strong>et</strong></span> <span class='ocrx_word' id='word_1_46' title='bbox 1717 1261 2224 1334; x_wconf 84' lang='lat' dir='ltr'><strong>caerimonialis.</strong></span> <span class='ocrx_word' id='word_1_47' title='bbox 2267 1259 2485 1335; x_wconf 82' lang='lat' dir='ltr'><strong>Aliter</strong></span> <span class='ocrx_word' id='word_1_48' title='bbox 2525 1262 2762 1356; x_wconf 89' lang='lat' dir='ltr'><strong>utique</strong></span> 
     </span>
     <span class='ocr_line' id='line_1_8' title="bbox 598 1373 2761 1450; baseline 0.001 -3"><span class='ocrx_word' id='word_1_49' title='bbox 598 1382 836 1447; x_wconf 88' lang='lat' dir='ltr'><strong>contra</strong></span> <span class='ocrx_word' id='word_1_50' title='bbox 921 1373 1212 1448; x_wconf 84' lang='lat' dir='ltr'><strong>Arianos</strong></span> <span class='ocrx_word' id='word_1_51' title='bbox 1294 1375 1642 1448; x_wconf 86' lang='lat' dir='ltr'><strong>similesve</strong></span> <span class='ocrx_word' id='word_1_52' title='bbox 1729 1376 2093 1450; x_wconf 81' lang='lat' dir='ltr'><strong>baereticos</strong></span> <span class='ocrx_word' id='word_1_53' title='bbox 2174 1377 2761 1450; x_wconf 79' lang='lat' dir='ltr'><strong>ratiocinationem</strong></span> 
     </span>
     <span class='ocr_line' id='line_1_9' title="bbox 600 1489 2763 1587; baseline 0.003 -27"><span class='ocrx_word' id='word_1_54' title='bbox 600 1490 958 1563; x_wconf 82' lang='lat' dir='ltr'><strong>instituere</strong></span> <span class='ocrx_word' id='word_1_55' title='bbox 997 1489 1377 1573; x_wconf 84' lang='lat' dir='ltr'><strong>debuisset,</strong></span> <span class='ocrx_word' id='word_1_56' title='bbox 1420 1490 1542 1563; x_wconf 91' lang='lat' dir='ltr'><strong>sed</strong></span> <span class='ocrx_word' id='word_1_57' title='bbox 1580 1491 1667 1564; x_wconf 92' lang='lat' dir='ltr'><strong>de</strong></span> <span class='ocrx_word' id='word_1_58' title='bbox 1702 1491 1963 1564; x_wconf 84' lang='lat' dir='ltr'><strong>Judaeis</strong></span> <span class='ocrx_word' id='word_1_59' title='bbox 2019 1491 2192 1565; x_wconf 93' lang='lat' dir='ltr'><strong>solis</strong></span> <span class='ocrx_word' id='word_1_60' title='bbox 2245 1512 2402 1565; x_wconf 91' lang='lat' dir='ltr'><strong>sese</strong></span> <span class='ocrx_word' id='word_1_61' title='bbox 2455 1493 2763 1587; x_wconf 82' lang='lat' dir='ltr'><strong>cogitare</strong></span> 
     </span>
     <span class='ocr_line' id='line_1_10' title="bbox 598 1605 2763 1700; baseline 0.002 -24"><span class='ocrx_word' id='word_1_62' title='bbox 598 1605 843 1679; x_wconf 90' lang='lat' dir='ltr'><strong>iterum</strong></span> <span class='ocrx_word' id='word_1_63' title='bbox 909 1606 1188 1691; x_wconf 91' lang='lat' dir='ltr'><strong>indicat,</strong></span> <span class='ocrx_word' id='word_1_64' title='bbox 1255 1606 1414 1677; x_wconf 91' lang='lat' dir='ltr'><strong>dum</strong></span> <span class='ocrx_word' id='word_1_65' title='bbox 1477 1605 2012 1700; x_wconf 89' lang='lat' dir='ltr'><strong>disputationem</strong></span> <span class='ocrx_word' id='word_1_66' title='bbox 2072 1628 2264 1679; x_wconf 90' lang='lat' dir='ltr'><strong>suam</strong></span> <span class='ocrx_word' id='word_1_67' title='bbox 2333 1607 2441 1680; x_wconf 88' lang='lat' dir='ltr'><strong>his</strong></span> <span class='ocrx_word' id='word_1_68' title='bbox 2509 1607 2763 1681; x_wconf 86' lang='lat' dir='ltr'><strong>claudit</strong></span> 
     </span>
     <span class='ocr_line' id='line_1_11' title="bbox 595 1720 2755 1818; baseline 0 -24"><span class='ocrx_word' id='word_1_69' title='bbox 595 1723 825 1795; x_wconf 91' lang='lat' dir='ltr'><strong>verbis</strong></span> <span class='ocrx_word' id='word_1_70' title='bbox 862 1720 938 1818; x_wconf 68' lang='grc' dir='ltr'><strong>(ι)</strong></span> <span class='ocrx_word' id='word_1_71' title='bbox 979 1749 994 1795; x_wconf 89' lang='lat'>:</span> <span class='ocrx_word' id='word_1_72' title='bbox 1040 1752 1077 1788; x_wconf 91' lang='lat'>«</span> <span class='ocrx_word' id='word_1_73' title='bbox 1112 1723 1396 1796; x_wconf 84' lang='lat' dir='ltr'><strong>Brevem</strong></span> <span class='ocrx_word' id='word_1_74' title='bbox 1452 1723 1633 1796; x_wconf 90' lang='lat' dir='ltr'><strong>hunc</strong></span> <span class='ocrx_word' id='word_1_75' title='bbox 1691 1726 2083 1796; x_wconf 77' lang='lat' dir='ltr'><strong>Tractatum</strong></span> <span class='ocrx_word' id='word_1_76' title='bbox 2120 1724 2204 1795; x_wconf 91' lang='lat' dir='ltr'><strong>ad</strong></span> <span class='ocrx_word' id='word_1_77' title='bbox 2239 1731 2309 1796; x_wconf 87' lang='lat' dir='ltr'><strong>te</strong></span> <span class='ocrx_word' id='word_1_78' title='bbox 2342 1724 2755 1816; x_wconf 82' lang='lat' dir='ltr'><strong>conscripsi,</strong></span> 
     </span>
     <span class='ocr_line' id='line_1_12' title="bbox 595 1831 2760 1934; baseline 0 -23"><span class='ocrx_word' id='word_1_79' title='bbox 595 1831 810 1914; x_wconf 86' lang='lat' dir='ltr'><strong>a&#39;mice</strong></span> <span class='ocrx_word' id='word_1_80' title='bbox 838 1839 955 1922; x_wconf 87' lang='lat' dir='ltr'><strong>mi,</strong></span> <span class='ocrx_word' id='word_1_81' title='bbox 990 1848 1063 1912; x_wconf 86' lang='lat' dir='ltr'><strong>ut</strong></span> <span class='ocrx_word' id='word_1_82' title='bbox 1090 1839 1510 1934; x_wconf 89' lang='lat' dir='ltr'><strong>respondere</strong></span> <span class='ocrx_word' id='word_1_83' title='bbox 1543 1841 1779 1933; x_wconf 87' lang='lat' dir='ltr'><strong>possis</strong></span> <span class='ocrx_word' id='word_1_84' title='bbox 1813 1840 2071 1914; x_wconf 84' lang='lat' dir='ltr'><strong>Judaeis</strong></span> <span class='ocrx_word' id='word_1_85' title='bbox 2102 1840 2220 1934; x_wconf 89' lang='lat' dir='ltr'><strong>qui</strong></span> <span class='ocrx_word' id='word_1_86' title='bbox 2259 1840 2495 1913; x_wconf 88' lang='lat' dir='ltr'><strong>dicunt</strong></span> <span class='ocrx_word' id='word_1_87' title='bbox 2526 1841 2760 1914; x_wconf 85' lang='lat' dir='ltr'><strong>Jesum</strong></span> 
     </span>
     <span class='ocr_line' id='line_1_13' title="bbox 599 1954 2763 2038; baseline 0.001 -13"><span class='ocrx_word' id='word_1_88' title='bbox 599 1975 735 2027; x_wconf 91' lang='lat' dir='ltr'><strong>non</strong></span> <span class='ocrx_word' id='word_1_89' title='bbox 772 1976 929 2028; x_wconf 90' lang='lat' dir='ltr'><strong>esse</strong></span> <span class='ocrx_word' id='word_1_90' title='bbox 980 1954 1224 2028; x_wconf 91' lang='lat' dir='ltr'><strong>Filium</strong></span> <span class='ocrx_word' id='word_1_91' title='bbox 1276 1955 1425 2038; x_wconf 89' lang='lat' dir='ltr'><strong>Dei,</strong></span> <span class='ocrx_word' id='word_1_92' title='bbox 1465 1955 1668 2027; x_wconf 91' lang='lat' dir='ltr'><strong>nobis</strong></span> <span class='ocrx_word' id='word_1_93' title='bbox 1711 1963 1949 2028; x_wconf 92' lang='lat' dir='ltr'><strong>contra</strong></span> <span class='ocrx_word' id='word_1_94' title='bbox 2001 1955 2314 2029; x_wconf 91' lang='lat' dir='ltr'><strong>eumdem</strong></span> <span class='ocrx_word' id='word_1_95' title='bbox 2362 1956 2763 2028; x_wconf 88' lang='lat' dir='ltr'><strong>vocantibus</strong></span> 
     </span>
     <span class='ocr_line' id='line_1_14' title="bbox 598 2058 2762 2165; baseline 0 -24"><span class='ocrx_word' id='word_1_96' title='bbox 598 2072 810 2143; x_wconf 91' lang='lat' dir='ltr'><strong>Deum</strong></span> <span class='ocrx_word' id='word_1_97' title='bbox 849 2078 918 2143; x_wconf 86' lang='lat' dir='ltr'><strong>et</strong></span> <span class='ocrx_word' id='word_1_98' title='bbox 951 2071 1076 2144; x_wconf 90' lang='lat' dir='ltr'><strong>Dei</strong></span> <span class='ocrx_word' id='word_1_99' title='bbox 1127 2068 1399 2157; x_wconf 86' lang='lat' dir='ltr'><strong>Filium,</strong></span> <span class='ocrx_word' id='word_1_100' title='bbox 1442 2058 1707 2164; x_wconf 80' lang='lat' dir='ltr'><strong>Regem</strong></span> <span class='ocrx_word' id='word_1_101' title='bbox 1755 2080 1824 2144; x_wconf 91' lang='lat' dir='ltr'><strong>et</strong></span> <span class='ocrx_word' id='word_1_102' title='bbox 1867 2070 2409 2165; x_wconf 80' lang='lat' dir='ltr'><strong>Primogenitum</strong></span> <span class='ocrx_word' id='word_1_103' title='bbox 2459 2071 2762 2143; x_wconf 90' lang='lat' dir='ltr'><strong>omnium</strong></span> 
     </span>
     <span class='ocr_line' id='line_1_15' title="bbox 598 2194 1171 2258; baseline -0.014 0"><span class='ocrx_word' id='word_1_104' title='bbox 598 2194 1084 2258; x_wconf 87' lang='lat' dir='ltr'><strong>creaturarum.</strong></span> <span class='ocrx_word' id='word_1_105' title='bbox 1137 2213 1171 2250; x_wconf 87' lang='lat'>»</span> 
     </span>
    </p>

    <p class='ocr_par' dir='ltr' id='par_1_3' title="bbox 592 2302 2768 4018">
     <span class='ocr_line' id='line_1_16' title="bbox 641 2302 2761 2397; baseline 0.001 -24"><span class='ocrx_word' id='word_1_106' title='bbox 641 2351 662 2384; x_wconf 55' lang='lat' dir='ltr'><strong><em>f</em></strong></span> <span class='ocrx_word' id='word_1_107' title='bbox 697 2304 859 2374; x_wconf 85' lang='lat' dir='ltr'><strong>Haec</strong></span> <span class='ocrx_word' id='word_1_108' title='bbox 896 2302 1285 2375; x_wconf 91' lang='lat' dir='ltr'><strong>disserendi</strong></span> <span class='ocrx_word' id='word_1_109' title='bbox 1340 2303 1704 2376; x_wconf 87' lang='lat' dir='ltr'><strong>methodus</strong></span> <span class='ocrx_word' id='word_1_110' title='bbox 1754 2304 2182 2397; x_wconf 84' lang='lat' dir='ltr'><strong>aliquatenus</strong></span> <span class='ocrx_word' id='word_1_111' title='bbox 2236 2303 2518 2397; x_wconf 88' lang='lat' dir='ltr'><strong>insuper</strong></span> <span class='ocrx_word' id='word_1_112' title='bbox 2569 2304 2761 2376; x_wconf 89' lang='lat' dir='ltr'><strong>illus·</strong></span> 
     </span>
     <span class='ocr_line' id='line_1_17' title="bbox 598 2418 2764 2513; baseline 0 -21"><span class='ocrx_word' id='word_1_113' title='bbox 598 2418 761 2492; x_wconf 87' lang='lat' dir='ltr'><strong>trari</strong></span> <span class='ocrx_word' id='word_1_114' title='bbox 795 2428 1055 2513; x_wconf 53' lang='lat' dir='ltr'><strong>‚posset</strong></span> <span class='ocrx_word' id='word_1_115' title='bbox 1117 2421 1430 2513; x_wconf 84' lang='lat' dir='ltr'><strong>exemplo</strong></span> <span class='ocrx_word' id='word_1_116' title='bbox 1492 2419 1749 2492; x_wconf 88' lang='lat' dir='ltr'><strong>Christi</strong></span> <span class='ocrx_word' id='word_1_117' title='bbox 1804 2420 2103 2504; x_wconf 87' lang='lat' dir='ltr'><strong>Domini,</strong></span> <span class='ocrx_word' id='word_1_118' title='bbox 2158 2420 2277 2513; x_wconf 86' lang='lat' dir='ltr'><strong>qui</strong></span> <span class='ocrx_word' id='word_1_119' title='bbox 2339 2429 2408 2492; x_wconf 87' lang='lat' dir='ltr'><strong>et</strong></span> <span class='ocrx_word' id='word_1_120' title='bbox 2466 2421 2616 2513; x_wconf 89' lang='lat' dir='ltr'><strong>ipse</strong></span> <span class='ocrx_word' id='word_1_121' title='bbox 2676 2420 2764 2492; x_wconf 93' lang='lat' dir='ltr'><strong>de</strong></span> 
     </span>
     <span class='ocr_line' id='line_1_18' title="bbox 598 2536 2764 2630; baseline -0 -20"><span class='ocrx_word' id='word_1_122' title='bbox 598 2536 838 2610; x_wconf 91' lang='lat' dir='ltr'><strong>eodem</strong></span> <span class='ocrx_word' id='word_1_123' title='bbox 900 2544 1305 2630; x_wconf 81' lang='lat' dir='ltr'><strong>argumento</strong></span> <span class='ocrx_word' id='word_1_124' title='bbox 1368 2536 1701 2609; x_wconf 84' lang='lat' dir='ltr'><strong>adversus</strong></span> <span class='ocrx_word' id='word_1_125' title='bbox 1759 2536 2261 2609; x_wconf 88' lang='lat' dir='ltr'><strong>obtrectatores</strong></span> <span class='ocrx_word' id='word_1_126' title='bbox 2323 2557 2490 2610; x_wconf 92' lang='lat' dir='ltr'><strong>suos</strong></span> <span class='ocrx_word' id='word_1_127' title='bbox 2561 2536 2764 2609; x_wconf 92' lang='lat' dir='ltr'><strong>modo</strong></span> 
     </span>
     <span class='ocr_line' id='line_1_19' title="bbox 597 2649 2764 2745; baseline -0.001 -19"><span class='ocrx_word' id='word_1_128' title='bbox 597 2674 734 2726; x_wconf 91' lang='lat' dir='ltr'><strong>non</strong></span> <span class='ocrx_word' id='word_1_129' title='bbox 797 2650 1098 2724; x_wconf 88' lang='lat' dir='ltr'><strong>absimili</strong></span> <span class='ocrx_word' id='word_1_130' title='bbox 1146 2649 1514 2743; x_wconf 83' lang='lat' dir='ltr'><strong>disceptat.</strong></span> <span class='ocrx_word' id='word_1_131' title='bbox 1583 2649 1752 2723; x_wconf 88' lang='lat' dir='ltr'><strong>Cum</strong></span> <span class='ocrx_word' id='word_1_132' title='bbox 1815 2651 2022 2736; x_wconf 92' lang='lat' dir='ltr'><strong>enim,</strong></span> <span class='ocrx_word' id='word_1_133' title='bbox 2090 2657 2267 2724; x_wconf 88' lang='lat' dir='ltr'><strong>teste</strong></span> <span class='ocrx_word' id='word_1_134' title='bbox 2328 2651 2764 2745; x_wconf 82' lang='lat' dir='ltr'><strong>Evangelista</strong></span> 
     </span>
     <span class='ocr_line' id='line_1_20' title="bbox 597 2766 2764 2860; baseline 0 -18"><span class='ocrx_word' id='word_1_135' title='bbox 597 2771 903 2851; x_wconf 85' lang='lat' dir='ltr'><strong>Joanne,</strong></span> <span class='ocrx_word' id='word_1_136' title='bbox 979 2766 1206 2859; x_wconf 87' lang='lat' dir='ltr'><strong>ipsum</strong></span> <span class='ocrx_word' id='word_1_137' title='bbox 1276 2766 1721 2859; x_wconf 68' lang='lat' dir='ltr'><strong>blasphemiae</strong></span> <span class='ocrx_word' id='word_1_138' title='bbox 1790 2767 2264 2840; x_wconf 86' lang='lat' dir='ltr'><strong>insimularent</strong></span> <span class='ocrx_word' id='word_1_139' title='bbox 2325 2775 2394 2840; x_wconf 90' lang='lat' dir='ltr'><strong>et</strong></span> <span class='ocrx_word' id='word_1_140' title='bbox 2462 2767 2764 2860; x_wconf 89' lang='lat' dir='ltr'><strong>lapidare</strong></span> 
     </span>
     <span class='ocr_line' id='line_1_21' title="bbox 594 2878 2765 2980; baseline -0.001 -20"><span class='ocrx_word' id='word_1_141' title='bbox 594 2886 848 2960; x_wconf 87' lang='lat' dir='ltr'><strong>vellent</strong></span> <span class='ocrx_word' id='word_1_142' title='bbox 872 2881 1091 2956; x_wconf 82' lang='lat' dir='ltr'><strong>Judaei</strong></span> <span class='ocrx_word' id='word_1_143' title='bbox 1126 2878 1199 2980; x_wconf 78' lang='lat'><strong>(2)</strong></span> <span class='ocrx_word' id='word_1_144' title='bbox 1243 2902 1325 2955; x_wconf 92' lang='lat' dir='ltr'><strong>eo</strong></span> <span class='ocrx_word' id='word_1_145' title='bbox 1381 2882 1564 2977; x_wconf 92' lang='lat' dir='ltr'><strong>quod</strong></span> <span class='ocrx_word' id='word_1_146' title='bbox 1618 2903 1695 2955; x_wconf 90' lang='lat' dir='ltr'><strong>se</strong></span> <span class='ocrx_word' id='word_1_147' title='bbox 1747 2882 1992 2957; x_wconf 89' lang='lat' dir='ltr'><strong>Filium</strong></span> <span class='ocrx_word' id='word_1_148' title='bbox 2045 2885 2169 2957; x_wconf 91' lang='lat' dir='ltr'><strong>Dei</strong></span> <span class='ocrx_word' id='word_1_149' title='bbox 2222 2892 2292 2958; x_wconf 86' lang='lat' dir='ltr'><strong>et</strong></span> <span class='ocrx_word' id='word_1_150' title='bbox 2339 2886 2553 2958; x_wconf 89' lang='lat' dir='ltr'><strong>Deum</strong></span> <span class='ocrx_word' id='word_1_151' title='bbox 2606 2905 2765 2957; x_wconf 90' lang='lat' dir='ltr'><strong>esse</strong></span> 
     </span>
     <span class='ocr_line' id='line_1_22' title="bbox 596 2998 2766 3097; baseline -0 -23"><span class='ocrx_word' id='word_1_152' title='bbox 596 3000 1028 3097; x_wconf 65' lang='lat' dir='ltr'><strong>praedicaret,</strong></span> <span class='ocrx_word' id='word_1_153' title='bbox 1094 3006 1166 3070; x_wconf 86' lang='lat' dir='ltr'><strong>ut</strong></span> <span class='ocrx_word' id='word_1_154' title='bbox 1224 2998 1593 3071; x_wconf 87' lang='lat' dir='ltr'><strong>furentium</strong></span> <span class='ocrx_word' id='word_1_155' title='bbox 1656 2999 1957 3091; x_wconf 90' lang='lat' dir='ltr'><strong>placaret</strong></span> <span class='ocrx_word' id='word_1_156' title='bbox 2016 2999 2281 3073; x_wconf 86' lang='lat' dir='ltr'><strong>animos</strong></span> <span class='ocrx_word' id='word_1_157' title='bbox 2304 3058 2321 3085; x_wconf 90' lang='lat'><strong>,</strong></span> <span class='ocrx_word' id='word_1_158' title='bbox 2390 3021 2473 3072; x_wconf 88' lang='lat' dir='ltr'><strong>ex</strong></span> <span class='ocrx_word' id='word_1_159' title='bbox 2531 3000 2766 3073; x_wconf 84' lang='lat' dir='ltr'><strong>verbis</strong></span> 
     </span>
     <span class='ocr_line' id='line_1_23' title="bbox 596 3111 2758 3212; baseline -0.001 -23"><span class='ocrx_word' id='word_1_160' title='bbox 596 3138 703 3212; x_wconf 87' lang='lat' dir='ltr'><strong>ps.</strong></span> <span class='ocrx_word' id='word_1_161' title='bbox 747 3114 984 3197; x_wconf 87' lang='lat' dir='ltr'><strong>LXXI,</strong></span> <span class='ocrx_word' id='word_1_162' title='bbox 1021 3111 1092 3196; x_wconf 85' lang='lat'><strong>6,</strong></span> <span class='ocrx_word' id='word_1_163' title='bbox 1134 3112 1386 3207; x_wconf 87' lang='lat' dir='ltr'><strong>quibus</strong></span> <span class='ocrx_word' id='word_1_164' title='bbox 1422 3113 1544 3186; x_wconf 88' lang='lat' dir='ltr'><strong>Dei</strong></span> <span class='ocrx_word' id='word_1_165' title='bbox 1583 3135 1831 3187; x_wconf 90' lang='lat' dir='ltr'><strong>nomen</strong></span> <span class='ocrx_word' id='word_1_166' title='bbox 1888 3115 1970 3186; x_wconf 97' lang='lat' dir='ltr'><strong>ad</strong></span> <span class='ocrx_word' id='word_1_167' title='bbox 1998 3114 2271 3209; x_wconf 81' lang='lat' dir='ltr'><strong>J‘udices</strong></span> <span class='ocrx_word' id='word_1_168' title='bbox 2324 3115 2758 3200; x_wconf 82' lang='lat' dir='ltr'><strong>transfertur,</strong></span> 
     </span>
     <span class='ocr_line' id='line_1_24' title="bbox 593 3215 2759 3328; baseline -0.001 -22"><span class='ocrx_word' id='word_1_169' title='bbox 593 3215 900 3306; x_wconf 88' lang='lat' dir='ltr'><strong>ostendit</strong></span> <span class='ocrx_word' id='word_1_170' title='bbox 933 3251 1136 3328; x_wconf 91' lang='lat' dir='ltr'><strong>quam</strong></span> <span class='ocrx_word' id='word_1_171' title='bbox 1176 3229 1520 3302; x_wconf 90' lang='lat' dir='ltr'><strong>immerito</strong></span> <span class='ocrx_word' id='word_1_172' title='bbox 1556 3229 1719 3315; x_wconf 90' lang='lat' dir='ltr'><strong>sibi,</strong></span> <span class='ocrx_word' id='word_1_173' title='bbox 1762 3230 1959 3324; x_wconf 89' lang='lat' dir='ltr'><strong>quasi</strong></span> <span class='ocrx_word' id='word_1_174' title='bbox 1997 3230 2252 3302; x_wconf 88' lang='lat' dir='ltr'><strong>infandi</strong></span> <span class='ocrx_word' id='word_1_175' title='bbox 2289 3230 2576 3303; x_wconf 88' lang='lat' dir='ltr'><strong>sceleris</strong></span> <span class='ocrx_word' id='word_1_176' title='bbox 2612 3251 2759 3315; x_wconf 89' lang='lat' dir='ltr'><strong>reo,</strong></span> 
     </span>
     <span class='ocr_line' id='line_1_25' title="bbox 597 3346 2768 3441; baseline -0 -21"><span class='ocrx_word' id='word_1_177' title='bbox 597 3348 696 3420; x_wconf 92' lang='lat' dir='ltr'><strong>illi</strong></span> <span class='ocrx_word' id='word_1_178' title='bbox 756 3349 1239 3420; x_wconf 86' lang='lat' dir='ltr'><strong>irascerentur.</strong></span> <span class='ocrx_word' id='word_1_179' title='bbox 1306 3349 1560 3431; x_wconf 78' lang='lat' dir='ltr'><strong>Nonne,</strong></span> <span class='ocrx_word' id='word_1_180' title='bbox 1632 3346 1879 3441; x_wconf 88' lang='lat' dir='ltr'><strong>inquit,</strong></span> <span class='ocrx_word' id='word_1_181' title='bbox 1943 3350 2277 3439; x_wconf 66' lang='lat' dir='ltr'><strong>amptum</strong></span> <span class='ocrx_word' id='word_1_182' title='bbox 2334 3358 2437 3419; x_wconf 72' lang='lat' dir='ltr'><strong>est</strong></span> <span class='ocrx_word' id='word_1_183' title='bbox 2493 3350 2566 3418; x_wconf 81' lang='lat' dir='ltr'><strong>in</strong></span> <span class='ocrx_word' id='word_1_184' title='bbox 2624 3349 2768 3438; x_wconf 75' lang='lat' dir='ltr'><strong>leqe</strong></span> 
     </span>
     <span class='ocr_line' id='line_1_26' title="bbox 593 3461 2767 3552; baseline -0.001 -15"><span class='ocrx_word' id='word_1_185' title='bbox 593 3475 821 3537; x_wconf 73' lang='lat' dir='ltr'><strong>vestra</strong></span> <span class='ocrx_word' id='word_1_186' title='bbox 862 3489 881 3535; x_wconf 91' lang='lat'><strong>.·</strong></span> <span class='ocrx_word' id='word_1_187' title='bbox 922 3465 1098 3548; x_wconf 82' lang='lat' dir='ltr'><strong>Quia</strong></span> <span class='ocrx_word' id='word_1_188' title='bbox 1130 3482 1244 3552; x_wconf 76' lang='lat' dir='ltr'><strong>eqo</strong></span> <span class='ocrx_word' id='word_1_189' title='bbox 1278 3462 1433 3534; x_wconf 75' lang='lat' dir='ltr'><strong>dixi</strong></span> <span class='ocrx_word' id='word_1_190' title='bbox 1475 3486 1489 3531; x_wconf 92' lang='lat'><strong>:</strong></span> <span class='ocrx_word' id='word_1_191' title='bbox 1538 3463 1649 3533; x_wconf 83' lang='lat' dir='ltr'><strong>Dii</strong></span> <span class='ocrx_word' id='word_1_192' title='bbox 1683 3461 1892 3533; x_wconf 72' lang='lat' dir='ltr'><strong>estis?</strong></span> <span class='ocrx_word' id='word_1_193' title='bbox 1944 3462 2016 3535; x_wconf 85' lang='lat' dir='ltr'><strong>Si</strong></span> <span class='ocrx_word' id='word_1_194' title='bbox 2050 3463 2203 3536; x_wconf 72' lang='lat' dir='ltr'><strong>illos</strong></span> <span class='ocrx_word' id='word_1_195' title='bbox 2236 3463 2419 3535; x_wconf 75' lang='lat' dir='ltr'><strong>dixit</strong></span> <span class='ocrx_word' id='word_1_196' title='bbox 2453 3464 2633 3547; x_wconf 73' lang='lat' dir='ltr'><strong>deos,</strong></span> <span class='ocrx_word' id='word_1_197' title='bbox 2674 3466 2767 3535; x_wconf 82' lang='lat' dir='ltr'><strong>ad</strong></span> 
     </span>
     <span class='ocr_line' id='line_1_27' title="bbox 594 3579 2761 3673; baseline -0 -21"><span class='ocrx_word' id='word_1_198' title='bbox 594 3601 756 3673; x_wconf 77' lang='lat' dir='ltr'><strong>quoa</strong></span> <span class='ocrx_word' id='word_1_199' title='bbox 789 3599 1006 3652; x_wconf 71' lang='lat' dir='ltr'><strong>sermo</strong></span> <span class='ocrx_word' id='word_1_200' title='bbox 1038 3580 1160 3650; x_wconf 80' lang='lat' dir='ltr'><strong>Dei</strong></span> <span class='ocrx_word' id='word_1_201' title='bbox 1191 3581 1419 3666; x_wconf 69' lang='lat' dir='ltr'><strong>tactus</strong></span> <span class='ocrx_word' id='word_1_202' title='bbox 1468 3586 1594 3661; x_wconf 72' lang='lat' dir='ltr'><strong>est,</strong></span> <span class='ocrx_word' id='word_1_203' title='bbox 1635 3589 1702 3649; x_wconf 80' lang='lat' dir='ltr'><strong>et</strong></span> <span class='ocrx_word' id='word_1_204' title='bbox 1737 3598 1872 3649; x_wconf 75' lang='lat' dir='ltr'><strong>non</strong></span> <span class='ocrx_word' id='word_1_205' title='bbox 1904 3587 2121 3670; x_wconf 67' lang='lat' dir='ltr'><strong>potest</strong></span> <span class='ocrx_word' id='word_1_206' title='bbox 2154 3579 2327 3651; x_wconf 71' lang='lat' dir='ltr'><strong>solvi</strong></span> <span class='ocrx_word' id='word_1_207' title='bbox 2360 3580 2761 3669; x_wconf 56' lang='lat' dir='ltr'><strong>Scriptura,-</strong></span> 
     </span>
     <span class='ocr_line' id='line_1_28' title="bbox 592 3693 2765 3790; baseline -0.001 -22"><span class='ocrx_word' id='word_1_208' title='bbox 592 3717 791 3790; x_wconf 78' lang='lat' dir='ltr'><strong>quem</strong></span> <span class='ocrx_word' id='word_1_209' title='bbox 825 3697 1033 3766; x_wconf 80' lang='lat' dir='ltr'><strong>Pater</strong></span> <span class='ocrx_word' id='word_1_210' title='bbox 1061 3693 1520 3783; x_wconf 71' lang='lat' dir='ltr'><strong>sanctificavit</strong></span> <span class='ocrx_word' id='word_1_211' title='bbox 1557 3702 1630 3765; x_wconf 78' lang='lat' dir='ltr'><strong>et</strong></span> <span class='ocrx_word' id='word_1_212' title='bbox 1660 3695 1850 3766; x_wconf 71' lang='lat' dir='ltr'><strong>misit</strong></span> <span class='ocrx_word' id='word_1_213' title='bbox 1900 3696 1974 3766; x_wconf 81' lang='lat' dir='ltr'><strong>in</strong></span> <span class='ocrx_word' id='word_1_214' title='bbox 2025 3694 2385 3777; x_wconf 77' lang='lat' dir='ltr'><strong>mundum,</strong></span> <span class='ocrx_word' id='word_1_215' title='bbox 2442 3715 2557 3768; x_wconf 73' lang='lat' dir='ltr'><strong>vos</strong></span> <span class='ocrx_word' id='word_1_216' title='bbox 2593 3694 2765 3768; x_wconf 78' lang='lat' dir='ltr'><strong>dici-</strong></span> 
     </span>
     <span class='ocr_line' id='line_1_29' title="bbox 597 3805 2757 3907; baseline -0.001 -23"><span class='ocrx_word' id='word_1_217' title='bbox 597 3814 688 3885; x_wconf 70' lang='lat' dir='ltr'><strong>tis</strong></span> <span class='ocrx_word' id='word_1_218' title='bbox 727 3838 747 3882; x_wconf 92' lang='lat'><strong>.·</strong></span> <span class='ocrx_word' id='word_1_219' title='bbox 790 3811 965 3897; x_wconf 81' lang='lat' dir='ltr'><strong>Quia</strong></span> <span class='ocrx_word' id='word_1_220' title='bbox 1015 3809 1462 3899; x_wconf 70' lang='lat' dir='ltr'><strong>blasphema-3,</strong></span> <span class='ocrx_word' id='word_1_221' title='bbox 1514 3811 1683 3900; x_wconf 80' lang='lat' dir='ltr'><strong>quia</strong></span> <span class='ocrx_word' id='word_1_222' title='bbox 1726 3808 1881 3882; x_wconf 76' lang='lat' dir='ltr'><strong>dixi</strong></span> <span class='ocrx_word' id='word_1_223' title='bbox 1938 3835 1957 3881; x_wconf 90' lang='grc'><strong>.·</strong></span> <span class='ocrx_word' id='word_1_224' title='bbox 2018 3805 2236 3882; x_wconf 71' lang='lat' dir='ltr'><strong>Filius</strong></span> <span class='ocrx_word' id='word_1_225' title='bbox 2283 3811 2406 3881; x_wconf 80' lang='lat' dir='ltr'><strong>Dei</strong></span> <span class='ocrx_word' id='word_1_226' title='bbox 2458 3830 2613 3881; x_wconf 72' lang='lat' dir='ltr'><strong>aum</strong></span> <span class='ocrx_word' id='word_1_227' title='bbox 2657 3806 2757 3907; x_wconf 82' lang='lat' dir='ltr'><strong>(a).</strong></span> 
     </span>
     <span class='ocr_line' id='line_1_30' title="bbox 597 3923 2767 4018; baseline -0.002 -17"><span class='ocrx_word' id='word_1_228' title='bbox 597 3923 1180 4016; x_wconf 86' lang='lat' dir='ltr'><strong>Quemadmodum</strong></span> <span class='ocrx_word' id='word_1_229' title='bbox 1242 3943 1410 4018; x_wconf 78' lang='lat' dir='ltr'><strong>ergo</strong></span> <span class='ocrx_word' id='word_1_230' title='bbox 1470 3923 1817 4010; x_wconf 78' lang='lat' dir='ltr'><strong>ChristuS,</strong></span> <span class='ocrx_word' id='word_1_231' title='bbox 1875 3923 2071 3999; x_wconf 88' lang='lat' dir='ltr'><strong>hisce</strong></span> <span class='ocrx_word' id='word_1_232' title='bbox 2130 3924 2202 3996; x_wconf 91' lang='lat' dir='ltr'><strong>in</strong></span> <span class='ocrx_word' id='word_1_233' title='bbox 2261 3923 2604 4017; x_wconf 83' lang='lat' dir='ltr'><strong>adjunctis</strong></span> <span class='ocrx_word' id='word_1_234' title='bbox 2651 3923 2767 3997; x_wconf 88' lang='lat' dir='ltr'><strong>ad-</strong></span> 
     </span>
    </p>
   </div>
   <div class='ocr_carea' id='block_1_2' title="bbox 664 4168 1373 4320">
    <p class='ocr_par' dir='ltr' id='par_1_4' title="bbox 664 4168 1373 4320">
     <span class='ocr_line' id='line_1_31' title="bbox 664 4168 1373 4251; baseline -0.01 -25"><span class='ocrx_word' id='word_1_235' title='bbox 664 4175 738 4237; x_wconf 80' lang='lat'><strong>(1)</strong></span> <span class='ocrx_word' id='word_1_236' title='bbox 772 4170 1039 4239; x_wconf 63' lang='lat' dir='ltr'><strong>Wright„</strong></span> <span class='ocrx_word' id='word_1_237' title='bbox 1067 4183 1121 4238; x_wconf 86' lang='lat' dir='ltr'><strong>p.</strong></span> <span class='ocrx_word' id='word_1_238' title='bbox 1164 4168 1319 4251; x_wconf 62' lang='grc' dir='ltr'>,ἑο-ι</span> <span class='ocrx_word' id='word_1_239' title='bbox 1360 4197 1373 4212; x_wconf 83' lang='lat'><strong>·</strong></span> 
     </span>
     <span class='ocr_line' id='line_1_32' title="bbox 664 4253 1287 4320; baseline -0.005 -12"><span class='ocrx_word' id='word_1_240' title='bbox 664 4254 737 4318; x_wconf 76' lang='lat'><strong>(2)</strong></span> <span class='ocrx_word' id='word_1_241' title='bbox 770 4256 925 4308; x_wconf 76' lang='lat' dir='ltr'><strong>Joan.</strong></span> <span class='ocrx_word' id='word_1_242' title='bbox 953 4255 1020 4315; x_wconf 76' lang='lat' dir='ltr'><strong>X,</strong></span> <span class='ocrx_word' id='word_1_243' title='bbox 1044 4253 1105 4305; x_wconf 75' lang='lat'><strong>51</strong></span> <span class='ocrx_word' id='word_1_244' title='bbox 1135 4266 1287 4320; x_wconf 86' lang='lat' dir='ltr'><strong>seqq.</strong></span> 
     </span>
    </p>
   </div>
   <div class='ocr_carea' id='block_1_3' title="bbox 663 4335 1252 4402">
    <p class='ocr_par' dir='ltr' id='par_1_5' title="bbox 663 4335 1252 4402">
     <span class='ocr_line' id='line_1_33' title="bbox 663 4335 1252 4402; baseline -0.005 -11"><span class='ocrx_word' id='word_1_245' title='bbox 663 4339 737 4402; x_wconf 69' lang='grc' dir='ltr'><strong>(ὅ)</strong></span> <span class='ocrx_word' id='word_1_246' title='bbox 776 4335 935 4400; x_wconf 69' lang='lat' dir='ltr'><strong>ibid..</strong></span> <span class='ocrx_word' id='word_1_247' title='bbox 961 4349 1046 4392; x_wconf 79' lang='lat' dir='ltr'><strong>vv.</strong></span> <span class='ocrx_word' id='word_1_248' title='bbox 1077 4337 1252 4390; x_wconf 47' lang='lat'><strong>3440.</strong></span> 
     </span>
    </p>
   </div>
   <div class='ocr_carea' id='block_1_4' title="bbox 3173 3755 3175 4332">
    <p class='ocr_par' dir='ltr' id='par_1_6' title="bbox 3173 3755 3175 4332">
     <span class='ocr_line' id='line_1_34' title="bbox 3173 3755 3175 4332; baseline 0 0"><span class='ocrx_word' id='word_1_249' title='bbox 3173 3755 3175 4332; x_wconf 95' lang='lat' dir='ltr'><strong> </strong></span> 
     </span>
    </p>
   </div>
  </div>
 </body>
</html>
