3175 5084
1225 485 1672 553 ...293-

367 671 882 765 disquisitionis
952 673 1334 758 tendimus,
1410 694 1489 745 ex
1561 673 1884 746 omnibus
1952 695 2108 768 quae
2177 672 2538 768 praemissa

371 795 532 860 sunt
588 788 1021 861 manifestum
1072 809 1229 862 esse
1279 797 1446 883 puto
1492 810 1632 883 quo
1682 789 1838 863 loco
1892 787 2202 863 habenda
2262 789 2356 862 sit
2414 790 2535 860 Sa-

368 904 623 998 pientis
669 906 901 980 Persae
949 905 1263 980 doctrina
1308 906 1395 979 de
1441 915 1752 1000 tempore
1807 906 1967 980 finis
2023 906 2260 980 mundi
2310 932 2324 978 :
2384 927 2540 978 eam·

366 1042 637 1116 nempe,
694 1023 991 1096 diversis
1043 1023 1208 1096 licet
1265 1024 1664 1097 conclusam
1700 1024 2060 1109 limitibus,
2120 1047 2163 1095 a
2210 1021 2532 1118 plurimis

376 1140 695 1213 Patribus
755 1139 903 1214 sive
962 1148 1142 1223 ante,
1207 1141 1354 1213 sive
1405 1150 1567 1234 post
1615 1138 2053 1233 Apbraatem,
2109 1138 2537 1236 propositam

372 1275 566 1339 esse;
625 1275 760 1327 non
814 1254 1123 1328 defuisse
1173 1255 1377 1328 etiam
1429 1254 1611 1327 inter
1644 1254 2054 1328 recentioris
2090 1253 2314 1327 aetatis
2350 1274 2525 1325 com·

374 1377 792 1443 mentatores
845 1370 962 1464 qui
1015 1368 1240 1441 eidem
1291 1379 1366 1442 ut
1416 1368 1758 1462 probabili
1810 1369 2242 1442 adhaererent
2291 1369 2400 1440 vel
2452 1367 2536 1439 ad

374 1506 521 1560 eam
589 1487 706 1558 alii
774 1485 994 1580 magis
1063 1485 1219 1557 aliis
1286 1484 1730 1569 accederent3
1822 1495 2173 1558 auctorem
2243 1483 2539 1578 denique

374 1610 684 1674 nostrum
741 1600 929 1673 nullo
983 1599 1187 1672 modo
1248 1600 1337 1672 ob
1396 1620 1476 1672 ea
1533 1620 1691 1694 quae
1750 1598 1819 1670 in
1882 1600 2207 1693 praesenti
2261 1599 2542 1689 materia
2642 1597 2646 1601 ⁴

372 1717 658 1790 tradidit
691 1717 761 1786 in
797 1715 1057 1788 crimen
1094 1715 1324 1788 vocari
1384 1736 1598 1809 posse
1651 1715 1920 1789 violatae
1971 1716 2121 1789 sive
2172 1715 2356 1799 fidei,
2393 1715 2539 1787 sive

375 1832 707 1905 doctrinae
743 1831 813 1902 in
850 1831 1163 1903 Ecclesia
1197 1831 1654 1904 communiter
1689 1839 2013 1925 receptae.

474 1951 558 2021 Et
608 1950 754 2022 haec
801 1948 1079 2043 quidem
1132 1950 1199 2019 in
1259 1969 1411 2020 eum
1456 1948 1728 2021 demum
1791 1948 1997 2021 finem
2046 1947 2229 2021 dicta
2278 1948 2420 2020 sint
2471 1957 2540 2020 et

374 2065 721 2158 disputata
752 2123 769 2150 ,
845 2086 932 2137 ne
1002 2064 1411 2157 iniquiorem
1480 2070 1549 2137 te
1618 2073 1687 2136 et
1757 2065 2177 2137 severiorem
2234 2064 2539 2156 judicem

374 2180 697 2273 Apbraati
735 2178 1071 2273 praebeas‘.
1106 2179 1471 2264 Caeterum,
1508 2180 1713 2252 modo
1752 2180 1884 2253 ista
1918 2179 2237 2252 admittas
2273 2190 2539 2253 teneas-

376 2317 539 2391 que,
600 2305 800 2388 potes
863 2295 1325 2379 subscribere,
1367 2316 1474 2368 me
1536 2296 1665 2367 tibi
1724 2298 1906 2369 ultro
1965 2297 2412 2382 assentiente,
2456 2296 2544 2369 iis

374 2416 627 2510 quibus
663 2412 1234 2507 disceptationem
1271 2434 1309 2484 a
1344 2434 1421 2486 se
1449 2413 1536 2486 de
1573 2413 1687 2485 illa
1724 2413 2110 2507 quaestione
2161 2414 2539 2486 institutam

376 2532 631 2607 claudit
683 2531 1023 2626 Georgius
1078 2531 1375 2604 Arabum
1410 2529 1489 2626 (1)
1532 2556 1547 2604 :
1595 2560 1630 2597 «
1666 2533 1815 2625 Ego
1863 2552 2046 2622 vero,
2085 2552 2240 2607 cum
2274 2530 2542 2603 audiam

377 2648 888 2723 Salvatorem...
948 2646 1483 2739 respondentem
1520 2648 1599 2739 (2)
1645 2672 1658 2717 :
1703 2649 1847 2722 Non
1880 2658 1979 2720 est
2015 2658 2315 2720 vestrum
2349 2668 2541 2719 nosse

376 2776 675 2853 tempora
706 2764 813 2833 vel
845 2773 1204 2842 momenta,
1240 2784 1390 2853 quoe
1417 2766 1626 2835 Pater
1654 2767 1881 2854 posuit
1914 2766 1988 2835 in
2021 2785 2153 2836 sua
2180 2773 2535 2856 potestate,

374 2877 731 2973 parvitatis
784 2898 954 2951 meae
1006 2862 1170 2947 mihi
1224 2878 1575 2963 conscius,
1621 2888 1694 2950 ut
1747 2880 1955 2951 idiota
2010 2879 2167 2952 dico
2227 2903 2242 2950 ε
2309 2877 2541 2951 Annos

377 2993 496 3088 qui
555 2994 639 3065 ab
702 2993 899 3064 initio
963 2992 1197 3064 mundi
1256 2995 1589 3066 hactenus
1654 2994 2039 3067 effluxerint
2073 3052 2089 3072 ,
2160 2995 2265 3067 vel
2325 3016 2543 3066 annos

376 3110 708 3202 deinceps
744 3109 826 3180 ad
861 3108 1065 3180 finem
1100 3130 1324 3202 usque
1359 3109 1595 3181 mundi
1631 3109 1926 3194 futur08‚
1960 3111 2068 3183 vel
2094 3107 2299 3183 etiam
2326 3130 2542 3181 annos

379 3226 461 3297 ab
526 3225 675 3317 ejus
737 3225 1019 3297 exordio
1069 3246 1290 3318 usque
1338 3225 1420 3296 ad
1481 3224 1687 3297 finem
1737 3226 2280 3309 intercedentes,
2343 3245 2541 3297 nemo

377 3342 561 3414 inter
616 3362 857 3414 omnes
917 3341 1230 3413 homines
1291 3351 1424 3426 est,
1491 3342 1611 3434 qui
1672 3342 2102 3437 cognoverit,
2167 3352 2547 3436 cognoscat

379 3465 496 3530 aut
528 3458 936 3552 cogniturus
965 3457 1086 3530 sit.
1125 3486 1162 3523 »
2384 3484 2393 3490 ·

620 3729 708 3797 ll.
765 3729 1139 3819 Apbraatis
1189 3728 1502 3799 doctrina
1552 3728 1637 3799 de
1687 3730 1922 3800 anima
1974 3730 2304 3802 humana.

482 3926 809 3998 Gressum
875 3945 1056 3996 nunc
1112 3923 1400 3996 facimus
1460 3924 1545 3996 ad
1600 3927 1962 4021 Apbraatis
2026 3926 2545 4023 psycbologiam

384 4039 919 4114 examinandam.
965 4040 1039 4110 In
1079 4039 1204 4111 hac
1242 4039 1423 4113 enim
1476 4041 1838 4135 quemdam
1893 4028 2171 4134 majoris
2224 4043 2550 4115 momenti

450 4253 521 4315 (¹)
556 4249 813 4317 opusculi
839 4250 1001 4315 hujus
1027 4261 1182 4316 pagg.
1210 4250 1277 4304 56
1300 4254 1356 4304 et
1381 4252 1464 4304 37.

452 4335 524 4399 (ἢ)
558 4333 683 4388 Loc.
707 4346 836 4399 sup.
854 4332 945 4387 cit.
