3175 5084
1285 479 1734 545 ...301-

442 665 625 737 landi
683 666 1068 738 facultatem
1126 665 1469 739 tribuente
1520 665 1780 760 Spiritu
1835 686 2039 759 quem
2072 664 2455 752 induerint,
2505 689 2609 741 re·

440 790 787 874 gnumque
823 781 1008 875 quod
1046 779 1221 874 ipsis
1257 781 1341 854 ab
1370 780 1566 855 initio
1604 791 2059 875 praeparatum
2095 789 2202 855 est
2235 782 2601 876 accipient.

440 895 787 970 Animales
840 905 1080 970 eontra
1132 898 1202 968 in
1255 906 1437 971 terra
1488 899 1882 984 manebunt,
1925 919 2291 992 corporum
2328 920 2608 973 suorum

440 1013 772 1108 gravitate
830 1013 1129 1099 detenti,
1186 1013 1747 1108 descendentque
1799 1015 1867 1086 in
1918 1015 2258 1088 infernum
2308 1015 2423 1088 ubi
2477 1017 2612 1091 erit

438 1125 644 1201 fletus
682 1137 751 1202 et
785 1129 1047 1203 stridor
1080 1128 1413 1203 dentium.
1467 1159 1503 1195 »

536 1244 760 1339 Atque
798 1247 946 1318 baec
985 1246 1274 1340 Sapiens
1311 1248 1547 1320 Persa.
1588 1248 1664 1318 In
1719 1246 1850 1320 ista
1901 1256 2125 1320 autem
2177 1246 2609 1341 expositione

440 1361 748 1453 quaedam
785 1370 1117 1456 apparent
1152 1364 1445 1436 obscura
1495 1363 1666 1436 satis
1703 1371 1772 1437 et
1805 1364 2145 1451 intricata,
2187 1386 2342 1459 quae
2397 1365 2609 1438 Geor-

440 1477 623 1570 gius,
664 1477 961 1550 Arabum
1015 1479 1429 1573 Episcopus,
1483 1500 1724 1553 severe
1777 1487 1968 1552 notat
2017 1488 2088 1552 et
2136 1480 2604 1573 reprehendit.
2648 1576 2651 1579 Ι

439 1592 676 1686 Neque
754 1601 980 1666 tamen
1061 1595 1288 1667 omnia
1362 1594 1743 1667 damnanda
1824 1604 2036 1680 sunt;
2120 1595 2258 1670 imo
2338 1597 2613 1671 videtur

439 1706 818 1801 Aphraates
872 1717 939 1805 et
993 1710 1106 1782 bic
1158 1731 1336 1783 verae
1386 1709 1721 1783 doctrinae
1781 1711 2159 1804 generatim
2215 1712 2605 1798 inhaesisse,

441 1847 566 1898 nec
617 1826 752 1898 nisi
804 1826 870 1897 in
926 1848 1061 1899 uno
1110 1828 1408 1901 alterove
1470 1828 1695 1921 capite
1743 1827 2249 1901 dormitavisse.
2313 1829 2614 1903 Plurima

440 1941 757 2015 nimirum
820 1964 973 2037 quae
1037 1944 1107 2014 in
1169 1943 1732 2017 antecedentibus
1793 1944 2017 2037 primo
2076 1944 2321 2018 intuitu
2386 1947 2612 2020 minus

442 2067 750 2130 accurata
808 2059 1151 2144 videntur,
1215 2059 1392 2131 haud
1458 2059 1793 2132 modicam
1856 2060 2076 2132 lucem
2134 2061 2505 2155 accipiunt,
2550 2062 2611 2135 si

440 2174 909 2265 expendantur
935 2167 1338 2269 diligentius
1376 2183 1443 2246 et
1477 2176 1861 2268 praesertim
1891 2197 2045 2249 cum
2082 2176 2289 2251 dictis
2324 2177 2611 2250 aliorum
2655 2265 2659 2269 ‚

442 2291 716 2363 Patrum
752 2290 1060 2383 ejusdem
1098 2293 1202 2363 vel
1242 2292 1624 2385 superioris
1660 2293 1881 2365 aetatis
1913 2294 2379 2366 conferantur.

540 2405 886 2498 Imprimis
936 2406 1164 2500 itaque
1202 2408 1633 2480 manifestum
1672 2417 1780 2479 est
1815 2408 1901 2478 ab
1938 2406 2276 2500 Aphraate
2327 2411 2503 2482 duos
2541 2409 2611 2481 in

440 2520 714 2592 homine
742 2519 1131 2597 Christiano
1160 2521 1493 2616 distingui
1522 2521 1812 2614 spiritus
1849 2547 1862 2590 :
1897 2525 2262 2595 animalem
2291 2526 2606 2610 alterum,

441 2657 576 2728 quo
627 2635 834 2708 vitam
888 2636 1182 2729 primum
1239 2637 1713 2730 adipiscimur,
1756 2638 2041 2709 alterum
2095 2642 2448 2726 orele-stem,
2492 2641 2610 2734 qui

437 2760 723 2824 vocatur
749 2753 951 2824 etiam
988 2755 1291 2844 Spiritus
1325 2756 1618 2825 Sanctus
1638 2761 1723 2832 ,et
1756 2755 2052 2845 Spiritus
2081 2757 2359 2827 Christi.
2396 2757 2611 2829 Porro

439 2872 1004 2964 quemadmodum
1043 2873 1235 2966 prior
1284 2881 1391 2946 est
1438 2865 1589 2967 ipsa
1624 2873 1844 2944 anima
1880 2874 2193 2954 humana,
2236 2894 2372 2944 non
2412 2872 2610 2944 intel·

302 2986 304 2988 ’
438 2986 698 3082 ligendi
759 2997 1016 3062 tantum
1079 2998 1146 3061 et
1209 2991 1518 3074 volendi,
1584 2990 1707 3062 sed
1770 2989 2263 3085 cujuscumque
2321 2989 2479 3061 vitae
2540 2989 2610 3061 in

438 3122 725 3198 corpore
762 3107 1087 3199 organico
1122 3107 1566 3201 principium,
1605 3108 1697 3178 ita
1725 3107 1841 3199 qui
1881 3106 1979 3176 illi
2018 3105 2310 3177 subinde
2347 3105 2613 3178 accedit

440 3220 739 3313 Spiritus
775 3223 1088 3295 eoelestis
1137 3212 1308 3293 nihil
1345 3224 1527 3295 aliud
1568 3231 1675 3295 est
1712 3243 1912 3316 quam
1952 3220 2250 3314 Spiritus
2288 3222 2605 3306 SanctuS,

440 3337 663 3409 omnis
713 3336 873 3410 boni
931 3338 1474 3431 supernaturalis
1528 3339 1599 3407 in
1654 3337 1975 3409 fidelibus
2037 3336 2192 3407 fons
2254 3345 2321 3408 et
2378 3336 2606 3430 origo,

439 3473 559 3524 seu
621 3452 821 3524 tertia
879 3452 1002 3525 SS.
1070 3453 1424 3525 Trinitatis
1482 3473 1807 3545 persona,
1877 3459 2214 3544 quatenus
2274 3451 2433 3524 huic
2490 3474 2614 3545 per

436 3570 1074 3659 appropriationem,
1122 3576 1196 3640 ut
1230 3567 1445 3652 aiunt,
1488 3568 1883 3663 attribuitur
1933 3565 2171 3659 gratiae
2221 3574 2354 3638 tam
2390 3572 2612 3660 qratia

438 3686 617 3757 datoe
651 3707 853 3779 quam
887 3696 1163 3777 pratum
1196 3689 1515 3776 facientis
1563 3684 1866 3779 largitio.
1909 3685 2352 3778 Nequaquam
2403 3686 2616 3779 igitur

440 3801 534 3873 ita
567 3803 965 3897 accipienda
1001 3813 1162 3876 sunt
1195 3805 1403 3877 verba
1455 3824 1664 3897 supra
1715 3803 2008 3877 adducta
2058 3824 2138 3876 ac
2189 3803 2250 3877 si
2305 3802 2498 3875 binas
2543 3802 2614 3876 in

436 4033 549 4106 1-δῆ
590 4033 752 4095 ἰι-δ
797 4017 1057 4126 φῦλα»
1111 4027 1341 4108 uia-te
1403 4081 1417 4100 .
1473 4045 1704 4113 μμ,
1762 4047 1916 4127 <aa
1988 4032 2169 4132 ραι-δ
2219 4043 2350 4099 Aee·
2410 4033 2614 4126 lyd-&2

361 4224 366 4230 ,
436 4165 594 4237 μω
629 4160 733 4238 150·
783 4179 1024 4259 (κιο.
1062 4166 1323 4228 xm
1362 4167 1540 4264 ⁶⁰¹²*-
1579 4190 1836 4262 <mm
1884 4163 2612 4262 40⁵-aeth

2142 4288 2334 4370 015*
2381 4304 2607 4361 asa-e
