3175 5084
1505 457 1913 527 ..60-

634 647 747 721 vix
817 653 1022 720 notus
1088 644 1294 719 fuerit
1351 642 1429 743 (1)
1489 654 1560 719 et
1626 646 2001 742 pleraeque,
2066 645 2469 720 Armeniaca
2526 648 2801 723 civitate

635 766 928 849 donatae,
986 763 1329 836 communi
1384 783 1621 837 errore
1654 765 1726 837 S.
1767 765 2023 838 Jacobo
2057 763 2420 851 Nisibeno,
2456 766 2800 859 Ephraemi

637 879 997 973 magistro,
1061 878 1314 951 fuerint
1372 879 1741 952 attributae.
1801 879 1997 952 Unde
2057 878 2242 951 nulla
2290 879 2419 952 fuit
2477 879 2801 953 diuturno

636 1002 946 1087 tempore
980 991 1153 1066 ratio
1190 992 1581 1088 inquirendi
1615 994 1725 1067 vel
1756 994 2076 1067 narrandi
2113 993 2321 1066 multa
2355 993 2442 1067 de
2464 993 2802 1088 Aphraate

639 1116 909 1195 nostro,
948 1108 1144 1201 cujus
1179 1107 1351 1180 nihil
1379 1109 1593 1183 ferme
1628 1109 1764 1182 nisi
1801 1130 2047 1183 nomen
2083 1109 2166 1181 ad
2205 1117 2527 1204 posteros
2559 1131 2801 1204 perve-

640 1231 854 1298 nerat.
894 1222 1227 1311 Quoniam
1262 1231 1486 1297 autem
1519 1244 1732 1317 opera
1765 1224 2057 1297 duorum
2091 1223 2394 1297 virorum
2431 1226 2516 1296 de
2550 1225 2805 1300 litteris

640 1337 941 1433 Syriacis
997 1337 1255 1432 optime
1316 1338 1740 1424 meritorum,
1800 1339 1877 1411 P.
1946 1337 2264 1432 Lagardii
2324 1339 2619 1426 scilicet,
2684 1342 2805 1435 qui

641 1457 1009 1547 Epistolam
1037 1453 1343 1548 Georgii,
1377 1453 1706 1549 Episcopi
1735 1452 2058 1537 Arabum,
2094 1453 2227 1526 huc
2254 1462 2676 1547 spectantem
2698 1453 2800 1553 (s),

643 1578 712 1643 et
762 1569 1147 1663 praesertim
1201 1568 1354 1641 Gul.
1397 1568 1750 1662 Wrightii‚
1792 1567 1909 1662 qui
1958 1567 2261 1640 auctoris
2297 1569 2514 1642 nostri
2548 1577 2807 1643 textum

643 1684 861 1758 edidit
912 1685 979 1755 in
1033 1684 1309 1778 vulguS,
1351 1704 1475 1756 sua
1525 1684 1799 1757 tandem
1855 1682 2177 1776 Aphraati
2206 1683 2360 1776 jura
2396 1693 2463 1755 et
2508 1685 2810 1759 honores

644 1800 959 1874 restituta
994 1807 1181 1884 sunt,
1223 1820 1301 1872 ea
1337 1799 1406 1870 in
1441 1820 1651 1872 unum
1688 1799 1884 1893 quasi
1921 1807 2368 1895 conspectum
2400 1801 2810 1895 colligamus

643 1939 797 2012 quae
847 1917 994 1995 sive
1047 1917 1119 1987 in
1172 1915 1392 2009 ipsius
1447 1915 1762 2010 scriptis,
1804 1915 1953 1989 sive
1987 1916 2175 2007 alibi,
2213 1916 2299 1990 de
2343 1916 2480 1991 vita
2532 1926 2601 1990 et
2649 1916 2812 1991 fatis

646 2032 793 2126 ejus
828 2031 1085 2128 passim
1121 2039 1514 2106 occurrunt.

1349 2323 1660 2404 CAPUT
1677 2348 1691 2363 ⁴
1713 2322 2117 2404 PRIMUM.

943 2533 1038 2592 DE
1087 2531 1328 2592 VARIIS
1378 2530 1735 2591 AUCTORIS
1786 2530 2049 2593 NOSTRI
2103 2531 2524 2593 NOMINIBUS.
2610 2564 2614 2571 ·
2697 2544 2710 2551 “

1480 2744 1913 2793 Alimentus
1939 2747 1985 2792 1.

812 2904 1135 2995 Eumdem
1169 2922 1311 2974 esse
1343 2903 1731 2992 Sapientem
1766 2904 2048 2974 Persam
2079 2905 2199 2994 qui
2233 2904 2641 2994 AphraateS.

752 3101 1051 3171 Primum
1105 3099 1332 3192 itaque
1387 3099 1871 3170 documentum
1921 3098 2003 3170 ad
2042 3119 2170 3171 nos
2206 3120 2427 3193 usque
2460 3100 2815 3172 transmis-

653 3238 806 3290 sum
841 3217 911 3287 in
949 3235 1087 3308 quo
1122 3215 1208 3285 de
1242 3213 1581 3306 Aphraate
1618 3234 1845 3285 sermo
1884 3213 2001 3298 sit,
2042 3217 2344 3304 Epistola
2378 3236 2456 3288 ea
2491 3223 2599 3287 est
2622 3215 2820 3307 cujus

652 3339 915 3425 partem
950 3351 1158 3422 supra
1193 3328 1430 3413 habeS‚
1471 3336 1541 3400 et
1576 3349 1780 3421 quam
1835 3327 2176 3423 Georgius
2233 3351 2410 3403 anno
2463 3351 2618 3403 aerae
2667 3331 2819 3403 vul-

653 3446 842 3541 garis
897 3444 1037 3516 714
1090 3443 1399 3537 scripsit,
1454 3452 1529 3515 ut
1579 3443 2010 3517 satisfaceret
2058 3446 2467 3539 presbytero
2520 3445 2815 3532 cuidam,

656 3563 930 3635 nomine
975 3563 1141 3634 Jesu
1193 3581 1316 3633 seu
1357 3561 1596 3645 Josue‚
1637 3558 1821 3631 varia
1857 3559 2306 3654 interroganti
2370 3561 2456 3633 de
2504 3562 2815 3648 historia,

570 3696 578 3704 ·
656 3676 1010 3770 operibus,
1068 3675 1380 3748 doctrina
1428 3678 1767 3767 Sapientis
1818 3678 2083 3762 Persoe;
2123 3676 2218 3748 ita
2252 3677 2433 3749 enim
2481 3676 2823 3771 Georgius

657 3791 1066 3885 scriptorem
1119 3792 1206 3864 de
1258 3812 1395 3885 quo
1446 3780 1592 3884 agit
1640 3791 1895 3884 ubique
1947 3791 2290 3886 designat.
2342 3794 2477 3866 Sed
2503 3792 2643 3885 jam
2697 3812 2827 3865 nec

723 4021 797 4085 (ί)
835 4020 949 4073 lmo
972 4029 1073 4073 nec
1091 4017 1359 4085 superiori
1380 4021 1626 4086 tempore
1642 4016 1842 4073 alicubi
1861 4023 2127 4087 apparent
2148 4021 2325 4072 textus
2347 4017 2552 4086 syriaci
2574 4019 2825 4089 vestigia,

658 4102 765 4156 nisi
791 4101 849 4156 in
874 4100 1042 4156 isaaci
1081 4100 1421 4166 Antiocheni,
1446 4101 1539 4168 qui
1581 4113 1708 4155 saec.
1735 4104 1776 4155 V
1813 4101 1966 4165 vixit,
2011 4101 2364 4157 carminibus.
2404 4105 2478 4156 Be
2519 4100 2606 4156 his
2643 4101 2827 4169 aliqua
2883 4127 2898 4131 -

657 4194 965 4256 tangemus,
990 4185 1084 4240 uhi
1110 4185 1337 4241 historia
1358 4185 1618 4241 litteraria
1640 4186 2415 4244 Homiciarumconcinnanda
2438 4185 2558 4241 erit.

722 4272 799 4337 (Ξ)
830 4269 1038 4326 videsis
1061 4272 1325 4327 Analecta
1348 4271 1597 4339 syriaca,
1625 4273 1808 4340 p·:¹⁰8
1836 4285 1991 4340 seqq.
