3175 5084
39 4528 102 4919 ware-ifisftcassssssss
39 4442 86 4453 ἱ
79 4398 88 4407 2

97 4796 146 4831 ³²⁴¹:
107 4752 134 4785 [¹¹⁴.
103 4716 124 4733 ’π
97 4678 126 4701 ³¹*
95 4642 134 4667 ς
103 4594 126 4615 Δ.
115 4524 126 4531 z
125 4502 136 4511 ἢ
91 4442 120 4483 συ
101 4392 106 4399 “

1421 468 1502 481 ...
1559 432 1712 499 364
1795 471 1876 482 -.

1528 680 1754 745 XXVI.

654 880 745 951 Ut
806 879 1001 972 leges
1063 876 1352 949 Romani
1423 877 1783 956 Pontificis
1840 877 1977 953 vim
2046 878 2302 974 ubique
2373 879 2728 973 obligandi

559 993 961 1077 sortiantur,
1003 992 1470 1066 necessarium
1525 1013 1659 1065 non
1697 1000 1805 1066 est
1841 1015 1957 1067 eas
1995 993 2066 1065 in
2103 994 2402 1088 singulis
2446 995 2725 1088 provin-

560 1107 688 1179 ciis
722 1107 941 1180 fuisse
975 1108 1470 1201 promulgatas,

1522 1363 1773 1431 XXVII.

657 1565 1008 1638 Infensum
1077 1566 1271 1639 illum
1351 1566 1786 1640 Summorum
1867 1564 2280 1638 Pontificum
2363 1565 2731 1660 Zephyrini

564 1689 767 1776 atque
805 1663 1069 1755 Callisti
1108 1682 1601 1768 adversarium,
1644 1681 1762 1774 qui
1814 1703 1992 1775 opus
2042 1681 2731 1773 Philosophoumenon

564 1799 1010 1893 conscripsit,
1050 1799 1229 1901 haud
1282 1807 1601 1892 putamus
1655 1819 1811 1871 esse
1865 1798 1937 1870 S.
1981 1796 2457 1892 Hippolytum,
2507 1798 2727 1871 virum

558 1913 628 1982 in
663 1913 1030 1986 traditione
1066 1915 1390 1986 Romanae
1419 1913 1750 1986 Ecclesiae
1778 1911 2066 1985 summis
2104 1932 2380 2004 semper
2415 1913 2729 1985 laudibus

561 2027 1002 2100 celebratum.

1500 2203 1791 2272 XXVIII.

657 2408 758 2476 Ex
809 2403 897 2476 iis
951 2404 1201 2498 quibus
1252 2411 1491 2476 auctor
1538 2404 1674 2477 iste
1724 2404 2091 2498 Zephyrini
2141 2412 2210 2477 et
2263 2405 2526 2478 Callisti
2572 2406 2731 2478 doc·

561 2522 807 2593 trinam
871 2522 1116 2614 carpit,
1183 2520 1462 2592 minime
1521 2520 1884 2594 conficitur
1944 2542 2066 2593 eos
2133 2521 2316 2593 circa
2377 2522 2580 2594 fidem
2644 2522 2731 2593 de

561 2635 888 2709 Trinitate
926 2636 1290 2709 erravisse.

1541 2806 1766 2879 XXIX.

658 3019 920 3113 Injusta
981 3020 1239 3114 pariter
1299 3028 1459 3093 sunt
1523 3043 1676 3113 quae
1739 3020 1990 3093 asserit
2051 3016 2230 3093 idem
2295 3020 2594 3112 scriptor
2645 3019 2731 3089 de

563 3135 931 3229 disciplina
964 3156 1089 3229 per
1126 3135 1478 3208 Callistum
1517 3143 1865 3228 corrupta.

1542 3396 1737 3460 XXX.

658 3597 851 3670 Fidei
897 3598 1170 3672 decreta
1223 3622 1261 3672 a
1314 3600 1646 3673 Conciliis
1698 3622 1859 3674 vere
1915 3600 2358 3672 oecumenicis
2413 3599 2595 3672 edita
2646 3600 2731 3670 ab

562 3736 796 3788 errore
826 3712 1150 3786 immunia
1176 3723 1380 3808 atque
1406 3736 1568 3789 vera
1588 3715 1751 3788 fidei
1781 3716 2016 3810 regula
2045 3713 2420 3787 existimari
2444 3714 2725 3787 debent.
2754 3770 2767 3783 .

1528 3979 1752 4045 XXXI.

666 4183 1245 4269 Quemadmodum
1285 4205 1365 4257 ex
1411 4184 1720 4276 proxima
1762 4183 1995 4281 regula
2050 4180 2376 4254 credendi
2432 4180 2731 4255 Catholi-
2836 4258 2843 4263 ,

2820 4924 2825 4925 ’
2848 4964 2863 4967 „
2874 4954 2883 4963 .
2894 4912 3079 4967 fisi-iffi}
