3175 5084
628 661 698 730 in
735 657 1037 730 tenebris
1070 665 1140 729 et
1189 657 1463 729 lucerna
1517 676 1695 750 quae,
1735 655 2140 727 candelabro
2193 655 2536 747 imposita,
2583 676 2776 727 mun-

627 774 785 847 dum
822 773 1243 846 illuminat...
1284 801 1320 837 >2

721 892 811 962 Ut
843 889 1090 962 seriem
1119 887 1665 961 testimoniorum
1700 908 1782 959 ex
1815 889 2116 978 Epistola
2149 890 2305 959 XIV
2334 889 2775 981 deprompto-

625 1028 772 1078 rum
809 1007 1076 1091 tandem
1112 1004 1525 1087 claudamus,
1561 1024 1715 1097 quae
1758 1024 1838 1075 ex
1890 1003 2030 1074 illis
2091 1002 2445 1075 conflanda
2498 1014 2604 1075 est
2652 1005 2777 1077 de-

625 1121 1029 1193 monstratio
1065 1119 1167 1192 sic
1203 1118 1605 1191 brevissime
1648 1117 1955 1189 contrahi
1991 1125 2243 1210 potest.

723 1236 850 1323 Qui
878 1236 971 1307 ita
1000 1235 1299 1327 loquitur
1325 1234 1410 1304 de
1447 1233 1763 1304 omnibus
1792 1232 2383 1323 indiscriminatim
2402 1234 2774 1306 animarum

621 1352 1041 1445 pastoribus,
1082 1349 1303 1443 deque
1349 1370 1581 1422 eorum
1637 1349 1881 1442 agendi
1944 1349 2231 1433 ratione,
2272 1349 2391 1443 qui
2445 1351 2772 1422 malorum

623 1476 901 1559 peccata
928 1474 996 1538 et
1017 1465 1179 1537 vitia
1206 1473 1336 1537 tam
1366 1484 1603 1537 severe
1637 1463 2066 1556 perstringit,
2109 1463 2227 1556 qui
2264 1482 2384 1537 eos
2421 1472 2494 1536 ut
2519 1464 2601 1536 ad
2631 1485 2770 1537 me·

624 1582 863 1653 liorem
889 1580 1153 1674 frugem
1183 1581 1460 1652 redeant
1486 1587 1622 1649 tam
1656 1569 2089 1650 vehementer
2115 1578 2373 1664 incitat,
2416 1580 2534 1673 qui
2566 1581 2776 1653 bono-

623 1719 768 1768 rum
798 1695 1104 1768 encomia
1128 1695 1279 1768 fuse
1305 1693 1776 1790 persequitur;
1797 1694 2061 1787 pauciS,
2086 1694 2201 1787 qui
2239 1694 2497 1779 laudeS,
2528 1697 2770 1768 adhor-

620 1814 942 1896 tationeS,
985 1811 1555 1904 reprehensiones
1617 1831 1742 1903 pro
1807 1809 2067 1881 meritis
2124 1809 2489 1904 unicuique
2532 1832 2774 1905 magna

616 1949 770 1999 cum
807 1926 1204 1999 auctoritate
1239 1924 1546 2000 attribuit
1579 1919 1677 2020 (1),
1707 1924 1768 1994 is
1796 1943 1958 1994 sane
1996 1923 2171 1994 haud
2213 1924 2507 1997 obscure
2540 1934 2773 1998 osten-

621 2047 723 2117 dit
758 2068 832 2117 se
867 2066 1003 2116 non
1041 2065 1196 2116 esse
1234 2044 1371 2114 illis
1407 2042 1492 2113 de
1528 2041 1779 2134 quibus
1816 2042 1921 2111 vel
1959 2041 2366 2133 quibuscum
2412 2044 2552 2137 agit
2601 2045 2769 2116 infe-

621 2163 896 2246 riorem,
938 2160 1060 2234 sed
1110 2161 1180 2231 in
1233 2160 1469 2232 eadem
1524 2158 1765 2229 saltem
1819 2157 2212 2229 conditione
2265 2159 2490 2232 vivere
2533 2160 2772 2252 inqua

617 2277 714 2347 illi
750 2277 1006 2353 vivunt.
1052 2275 1218 2348 Cum
1253 2282 1476 2346 autem
1512 2271 1885 2365 Aphraates
1922 2273 2205 2364 insuper
2247 2274 2550 2367 seipsum
2606 2297 2768 2347 con·

616 2400 874 2466 stanter
935 2393 1021 2463 iis
1079 2399 1476 2463 annumeret
1536 2389 1621 2460 ad
1682 2410 1855 2482 quos
1919 2389 2171 2460 monita
2230 2390 2468 2484 dirigit
2526 2399 2593 2463 et
2653 2392 2770 2485 qui

619 2516 956 2601 potestate
1002 2507 1069 2576 in
1119 2506 1426 2578 Ecclesia
1478 2504 1903 2597 praecellunt,
1962 2504 2314 2577 inferimus
2371 2505 2768 2600 dignitatem

621 2623 769 2715 ejus
807 2622 1266 2716 episcopalem
1304 2628 1372 2692 et
1407 2610 1488 2690 ex
1527 2619 1838 2690 libertate
1875 2640 2005 2711 qua
2056 2620 2123 2689 in
2182 2619 2471 2692 dicendo
2527 2621 2763 2705 utitur,

619 2747 685 2810 et
720 2761 801 2811 ex
840 2739 987 2831 ipsa
1024 2736 1342 2829 loquendi
1383 2736 1599 2807 forma
1635 2735 1854 2806 solide
1890 2735 2132 2808 evinci.

714 2854 857 2925 Nec
892 2859 1190 2944 opponat
1224 2851 1496 2944 aliquis,
1536 2851 1713 2942 apud
1751 2859 2093 2922 auctorem
2131 2873 2265 2921 non
2294 2852 2380 2923 de
2406 2850 2768 2946 Episcopis

548 3038 554 3044 .
620 2989 1003 3042 sermonem
1037 2988 1219 3049 esse,
1263 2967 1384 3038 sed
1424 2974 1684 3038 tantum
1722 2967 2005 3037 secundi
2043 2965 2306 3038 ordinis
2343 2970 2762 3054 sacerdoteS,

618 3105 739 3156 seu
803 3084 1272 3176 presbyteros,
1340 3080 1627 3160 laudari,
1688 3083 1945 3154 moneri
2017 3093 2085 3154 et
2141 3083 2535 3177 vituperari.
2607 3087 2770 3157 Haec

622 3220 911 3293 namque
972 3199 1334 3269 difficultas
1359 3253 1375 3280 ,
1460 3198 1548 3267 iis
1608 3199 1714 3269 vel
1783 3199 2025 3290 raptim
2094 3199 2550 3273 consideratis
2611 3222 2768 3293 quae

619 3324 812 3387 antea
859 3312 1294 3406 protulimus,
1350 3314 1576 3383 statim
1632 3316 1939 3386 corruit:
1985 3314 2079 3385 ibi
2128 3315 2308 3386 enim
2359 3318 2543 3387 nulla
2591 3317 2771 3388 inter

620 3431 795 3502 duos
864 3438 1212 3521 pastorum
1281 3424 1559 3503 ordines
1620 3429 2007 3512 distinctim
2083 3438 2318 3502 contra
2388 3432 2769 3503 locutiones

621 3545 1134 3628 diversissimae,
1195 3566 1345 3637 quae
1398 3545 1655 3636 passim
1717 3554 2107 3628 occurrunt,
2175 3567 2374 3637 quam
2426 3548 2770 3618 ‘latissime

616 3668 874 3755 patent,
908 3681 1036 3733 nec
1065 3661 1331 3753 plenam
1363 3681 1551 3732 suam
1588 3661 1724 3730 vim
1751 3660 2154 3742 sortiuntur,
2188 3661 2323 3751 nisi
2353 3663 2771 3755 accipiantur

618 3784 685 3847 et
719 3776 804 3847 de
838 3775 1240 3867 Episcopis;
1286 3775 1420 3845 imo
1474 3775 1554 3870 hi
1596 3774 1917 3846 distincte
1972 3775 2403 3847 nominantur
2438 3776 2506 3846 in
2543 3795 2764 3867 prooe-

618 3891 780 3974 mio,
817 3890 932 3961 ubi
960 3891 1258 3982 scriptor
1295 3918 1332 3954 «
1365 3889 1687 3977 fratribus
1723 3889 2121 3974 carissimis,
2153 3891 2544 3984 EpiscopiS‚
2578 3912 2770 3983 pres-

683 4110 756 4170 (1)
790 4107 1044 4160 Eamdem
1066 4105 1437 4159 auctoritatem
1463 4112 1517 4158 et
1541 4106 1838 4158 libertatem
1857 4105 1910 4158 in
1937 4105 2166 4159 dicendo
2190 4106 2539 4161 manifestant
2562 4109 2769 4163 monita

617 4200 681 4240 ac
703 4188 927 4241 consilia
953 4201 1074 4254 quae
1099 4188 1169 4240 ad
1192 4194 1436 4253 pastores
1460 4187 1767 4254 diriguntur
1788 4187 2037 4252 Epistocoe
2063 4189 2128 4238 de
2149 4189 2525 4251 poenitentibus
2546 4190 2603 4256 §§
2632 4195 2651 4242 ί
2665 4195 2683 4242 1
2714 4197 2773 4246 et

622 4287 701 4353 ¹2,
728 4298 815 4354 ap.
844 4286 1101 4354 Wright.,
1128 4301 1216 4354 pp.
1253 4289 1414 4334 *za-Le
1449 4297 1500 4342 et
1535 4289 1690 4370 *Qu
1732 4317 1747 4332 .
