3175 5084
18 0 502 310 s

593 649 728 722 sibi
779 649 1058 721 inducat
1107 649 1222 720 illa
1272 646 1525 728 omnia,
1577 668 1732 741 quae
1787 645 2337 732 memoravimus,
2388 648 2460 719 in
2510 647 2784 742 viginti

593 767 815 838 tribus
846 767 1166 857 Epi-stolis
1206 766 1294 837 de
1344 763 1552 835 rebus
1605 762 1967 863 religionis
2016 763 2379 859 agentibus
2428 774 2566 836 tam
2615 765 2755 835 alto

592 881 868 953 silentio
938 901 1181 974 pressa
1239 878 1484 962 fuisse,
1549 878 1612 951 si
1683 879 1921 951 eadem
1992 879 2294 971 scriptor
2351 878 2421 949 in
2478 877 2757 970 propria

588 996 875 1090 regione
909 994 1211 1090 vigentia
1245 1001 1313 1067 et
1346 1014 1505 1067 sese
1539 994 1611 1065 in
1647 993 1893 1066 iisdem
1929 994 2127 1089 quasi
2163 993 2459 1067 medium
2494 992 2753 1067 consti-

589 1119 808 1185 tutum
843 1110 1172 1185 vidisset?

687 1230 1027 1302 Firmatur
1085 1230 1441 1302 conclusio
1485 1230 1546 1301 si
1592 1228 2004 1312 attendatur,
2054 1227 2138 1298 ab
2190 1249 2271 1299 eo
2325 1226 2755 1301 Marcionita-

589 1368 767 1431 rum,
798 1345 1422 1421 Valentinianorum
1457 1353 1527 1418 et
1550 1344 2080 1416 Manichaeorum
2114 1352 2341 1415 sectas
2367 1343 2747 1437 gnosticaS,

590 1485 746 1555 quae
783 1473 946 1536 tunc
979 1463 1326 1557 praecipue
1359 1464 1427 1534 in
1466 1462 1663 1557 Syria
1696 1461 2009 1534 orientali
2038 1469 2106 1532 et
2149 1459 2434 1532 Perside
2468 1458 2752 1552 pullula·

592 1578 782 1661 bant,
847 1577 1097 1650 acriter
1146 1577 1581 1671 reprehendi.
1645 1574 1723 1646 ln
1780 1577 2266 1647 Dissertatione
2315 1574 2539 1658 tertia,
2605 1594 2755 1666 quae

593 1700 702 1765 est
731 1695 814 1765 de
834 1694 1123 1783 jejunia,
1165 1693 1326 1764 dum
1363 1691 1532 1764 illud
1567 1690 1789 1782 carpit
1813 1689 2148 1781 jejunium
2183 1689 2368 1782 quod
2403 1705 2756 1760 externum

593 1816 854 1880 tantum
924 1827 1051 1878 nec
1114 1828 1267 1878 cum
1332 1805 1801 1877 mandatorum
1866 1805 1987 1875 Dei
2047 1802 2524 1885 observatione
2598 1823 2756 1875 con·

584 1921 894 2013 junctum
956 1931 1088 2005 est,
1156 1922 1301 1993 haec
1360 1921 1624 2014 profert
1669 1920 1745 2013 (1)
1797 1945 1811 1990 :
1876 1946 1913 1985 α
1954 1920 2123 1990 Nam
2176 1927 2246 1990 et
2295 1904 2757 1991 doctrinarum

594 2035 932 2108 fallacium
994 2046 1370 2110 sectatores
1397 2095 1413 2123 ,
1467 2036 1724 2108 diaboli
1777 2036 2224 2109 instrumenta
2248 2093 2265 2121 ,
2322 2036 2631 2128 jejunant
2691 2045 2759 2108 et

594 2158 874 2242 peccata
907 2152 1354 2236 confitentur;
1389 2173 1517 2224 nec
1545 2159 1653 2224 est
1680 2152 1797 2244 qui
1834 2150 1936 2223 eis
1973 2151 2359 2224 mercedem
2397 2150 2749 2244 rependat.

596 2264 766 2352 Quis
802 2266 983 2355 enim
1020 2265 1372 2349 Marcioni,
1415 2274 1762 2338 auctorem
1797 2275 2108 2338 nostrum
2144 2266 2398 2338 bonum
2435 2286 2591 2338 esse
2621 2286 2755 2336 non

594 2381 999 2466 confitenti,
1069 2382 1423 2475 praemium
1485 2382 1780 2454 tribuet?
1837 2382 2006 2470 Quis
2082 2382 2396 2454 mercede
2481 2380 2759 2453 donabit

585 2496 918 2588 jejunium
962 2497 1322 2581 Valentini,
1364 2497 1482 2590 qui
1540 2497 1869 2590 praedicat
1916 2498 2150 2590 plures
2197 2498 2413 2570 fuisse
2463 2498 2759 2570 factores

594 2631 786 2692 suOS,
843 2609 1179 2703 docetque
1226 2612 1438 2683 Deum
1488 2611 1869 2704 perfectum
1927 2612 2030 2683 ori
2071 2611 2506 2698 ineffabilem,
2552 2611 2758 2684 menti

595 2746 752 2797 esse
786 2725 1374 2819 investigabilem?
1413 2725 1581 2814 Quis
1635 2726 1932 2820 denique
1982 2727 2525 2800 remunerabitur
2577 2727 2760 2799 filios

594 2841 1051 2925 tenebrarum,
1120 2842 1312 2935 impii
1374 2842 1665 2914 Manetis
1725 2843 2054 2928 asseclaS,
2122 2844 2267 2937 qui,
2337 2844 2760 2939 serpentium

594 2978 808 3039 more,
866 2956 933 3025 in
983 2957 1300 3028 obscuris
1355 2957 1529 3028 locis
1594 2967 2101 3030 commorantur
2162 2966 2229 3031 et
2291 2958 2764 3034 Chaldaeorum

594 3082 800 3156 arteS,
843 3072 1290 3165 Babylonicas
1328 3071 1761 3165 disciplinaS,
1803 3074 2079 3147 colunt?
2113 3074 2434 3166 Jejunant
2484 3072 2790 3167 quidem·

596 3190 665 3259 hi
701 3210 964 3270 omnes,
1008 3198 1075 3259 at
1109 3188 1415 3280 ipsorum
1438 3189 1774 3281 jejunium
1813 3212 1948 3261 non
1986 3199 2095 3264 est
2127 3201 2507 3284 acceptum.
2549 3220 2586 3257 2>

693 3304 896 3375 Aliud
953 3303 1435 3376 adminiculum
1485 3305 1569 3376 ad
1620 3305 2081 3379 definiendum
2130 3328 2425 3401 quonam
2477 3306 2546 3377 in
2607 3308 2761 3378 loco

595 3422 971 3514 Aphraates
1023 3421 1293 3507 vixerit,
1337 3410 1420 3493 'in
1474 3444 1554 3495 eo
1608 3423 1814 3495 situm
1874 3433 2005 3509 est,
2066 3425 2249 3518 quod
2305 3423 2560 3518 saepius
2620 3444 2762 3496 me·
2815 3479 2828 3487 r

596 3546 814 3608 moret
884 3536 1164 3630 Saporis
1224 3538 1285 3606 11
1356 3538 1877 3630 persecutiones
1911 3597 1927 3624 ‚
1997 3526 2071 3612 'et
2148 3539 2424 3637 quidem
2494 3546 2568 3611 ut
2628 3538 2763 3611 sibi

593 3653 1178 3746 popularibusque
1214 3653 1361 3725 suis
1399 3675 1684 3748 graves;
1727 3655 1977 3748 quibus
2014 3664 2263 3741 tamen,
2307 3664 2381 3728 ut
2414 3676 2498 3729 ex
2534 3654 2764 3727 omni-

597 3769 727 3840 bus
761 3768 1065 3840 fontibus
1104 3768 1455 3840 historicis
1491 3769 1867 3863 colligitur,
1902 3780 2153 3864 praeter
2179 3770 2558 3855 Persidem,
2592 3792 2761 3842 non-

595 3883 730 3955 nisi
765 3904 999 3974 paucae
1037 3882 1242 3955 urbes
1278 3884 1385 3955 vel
1433 3885 1830 3977 provinciae,
1866 3887 1951 3959 ad
1989 3886 2418 3959 occidentem
2454 3883 2764 3979 Tigridis

494 4060 503 4063 -
597 3997 904 4090 proxime
942 3996 1093 4069 sitae
1130 4005 1198 4073 et
1244 3998 1604 4070 Persarum
1657 4000 2104 4074 dominationi
2149 4002 2468 4087 subditae,
2507 4009 2765 4075 vexatae
2821 4066 2844 4081 ,

1465 459 1876 524 ...76-

660 4251 732 4313 (l)
769 4246 1086 4315 Wrightius,
1112 4263 1166 4316 p.
1201 4234 1301 4306 1-2
1351 4280 1365 4298 .

1981 4752 1990 4759 .

452 4932 465 4945 r.
488 4934 515 4941 κη
1262 4922 1271 4928 Α

456 4948 457 4953 ,
478 4956 493 4975 '¹
528 4968 533 4971 ι
610 4972 615 4973 ⁷
2537 4944 2544 4949 -
2893 4966 2912 4973 ⁴-

506 5016 639 5045 .ξ-ἑ,-’.ᾈ,
682 5042 713 5045 ι,
754 5018 791 5045 :1
2053 5034 2059 5041 ,
2647 5036 2652 5043 .
2687 5031 2701 5036 -
2731 5030 2751 5035 —-
2821 5016 2936 5045 2223
2951 5012 3106 5045 ι--ι--Γ
