3175 5084
1323 489 1772 557 ...223-

458 682 754 768 videtur,
810 680 996 775 quod
1041 680 1362 774 ‘scriptor
1413 677 1846 754 Christianos
1899 677 2229 751 Seleuciae
2271 686 2340 751 et
2398 677 2616 751 Ctesi·

457 800 712 892 phonte
747 804 1250 870 commorantes
1287 817 1430 889 prae
1466 795 1736 870 caeteris
1770 794 2172 868 nominatim
2206 814 2618 867 commemo-

457 921 584 986 rat.
658 914 759 984 Ex
823 914 1129 1003 Epistola
1197 912 1351 1004 ipsa
1417 910 1486 981 id
1549 910 1824 983 demum
1881 919 2179 995 constat,
2255 911 2325 981 in
2395 910 2622 983 varios

457 1030 724 1100 illarum
792 1028 1152 1123 regionum
1222 1027 1518 1100 clericos
1594 1055 1631 1091 «
1674 1026 2060 1111 avaritiam,
2134 1026 2613 1111 ambitionem,

459 1143 963 1238 neglectionem
1032 1126 1417 1230 munerum,
1492 1141 1940 1223 discordiam,
2016 1142 2336 1235 rixasque
2405 1142 2622 1235 irrep-

459 1262 665 1333 sisse.
711 1259 977 1347 Quibus
1029 1259 1217 1332 vitiis
1252 1268 1326 1332 ut
1362 1259 1828 1342 mederentur,
1871 1258 2198 1351 Episcopi
2237 1259 2623 1351 Mesopota-

460 1377 613 1449 miae
661 1375 1004 1469 synodum
1040 1415 1137 1427 —-
1173 1397 1311 1467 quo
1364 1375 1518 1446 loco
1572 1374 1924 1446 nescimus
1951 1414 2044 1426 -—
2083 1383 2619 1467 congregarunt,

458 1504 527 1566 et
559 1493 938 1586 Aphraates
974 1500 1049 1564 ut
1079 1494 1452 1583 Epistolam
1505 1490 1906 1584 synodicam
1958 1491 2299 1563 scriberet
2341 1501 2449 1564 est
2474 1491 2624 1582 jus-

425 1631 607 1704 sus,
681 1609 827 1681 sive
889 1607 1049 1701 quia
1107 1608 1423 1680 doctrina
1489 1617 1560 1680 et
1627 1607 2015 1679 eruditione
2087 1607 2268 1678 inter
2336 1616 2626 1679 caeteros

459 1723 925 1819 praecellebat,
967 1724 1114 1797 sive
1168 1723 1328 1816 quia
1351 1722 1490 1815 jam
1545 1744 1628 1795 eo
1682 1731 1990 1815 tempore
2041 1723 2430 1816 Episcopus
2468 1743 2647 1794 ,mo--

461 1839 742 1912 nasterii
778 1839 922 1910 Mar
956 1838 1253 1910 Matthaei
1290 1838 1752 1930 principatum
1790 1838 2150 1932 quemdam
2208 1839 2388 1910 inter
2425 1837 2624 1934 Epis·

462 1978 675 2050 copos
709 1956 978 2029 vicinos
1015 1955 1370 2027 obtinebat
1406 1952 1504 2052 (ι).
1554 1982 1591 2018 »

561 2073 744 2159 Quas
779 2092 943 2143 vero
979 2072 1502 2143 Dissertationes
1538 2091 1676 2141 non
1712 2069 2179 2161 respondendi
2232 2091 2463 2158 causa,
2504 2069 2626 2142 sed

463 2188 595 2260 alio
650 2187 945 2265 consilio
1008 2187 1303 2259 ediderit
1361 2184 1766 2278 Aphraates,
1822 2206 1938 2257 eas
1990 2208 2144 2258 cum
2205 2186 2493 2279 reliquis
2545 2185 2629 2255 ad

464 2302 775 2374 eumdem
814 2302 1008 2373 illum
1060 2301 1350 2373 amicum
1383 2322 1583 2372 suum
1619 2308 1823 2392 atque
1860 2302 2327 2372 consultorem
2362 2301 2630 2372 direxe-
2690 2359 2695 2366 .

464 2417 578 2503 rit,
619 2438 703 2488 eo
738 2416 922 2510 quod
976 2417 1157 2488 hunc
1211 2426 1449 2488 nosset
1502 2415 1814 2488 scientiae
1865 2436 2081 2488 sacrae
2135 2415 2527 2490 excolendae
2564 2424 2632 2485 et

464 2532 902 2605 addiscendae
938 2532 1417 2625 percupidum.

531 2823 565 2915 ᾗ
603 2824 797 2897 21)ss
833 2845 1222 2897 nummulum
1259 2844 1484 2895 INDOLE
1520 2845 1597 2895 ET
1634 2844 1844 2895 Eanum
1881 2844 1945 2896 IN
1983 2844 2267 2904 QuAsnAM
2304 2844 2559 2894 cussus

1304 2961 1798 3012 DISTRIBUTIONE.

565 3157 758 3228 Sicut
825 3155 1187 3249 Aphraatis
1254 3158 1563 3228 Homilioe
1632 3178 1715 3229 ex
1785 3155 2082 3228 diversis
2153 3157 2635 3229 occasionibus

468 3280 690 3345 ortum
755 3271 1053 3343 habuere
1116 3292 1337 3364 neque
1401 3271 1579 3343 idem
1641 3273 1714 3343 in
1775 3273 2093 3343 omnibus
2153 3271 2313 3343 finis
2372 3273 2633 3344 auctori

464 3381 867 3481 propositus
937 3387 1089 3471 fuit,
1168 3388 1282 3477 ita,
1354 3396 1661 3480 spectata
1730 3387 2010 3459 materia
2079 3409 2279 3480 quam
2341 3389 2635 3481 singulae

465 3503 905 3596 potissimum
959 3503 1244 3596 agitant,
1286 3524 1425 3575 non
1481 3503 1686 3575 unius
1742 3513 1902 3575 sunt
1955 3503 2212 3574 indolis
2263 3511 2467 3594 atque
2519 3504 2635 3576 ha·

466 3617 824 3690 bitudiniS.
1266 3683 1272 3692 .

566 3733 813 3804 Decem
868 3730 1139 3823 priores
1176 3730 1283 3826 (a),
1325 3740 1579 3823 praeter
1630 3731 1932 3825 quintam
1989 3742 2059 3803 et
2109 3738 2441 3817 octavam,
2503 3734 2636 3805 late

468 3857 677 3942 agunt
712 3856 856 3919 tum
892 3848 975 3918 dc
1007 3847 1145 3935 fide
1170 3843 1395 3944 (Hom.
1443 3846 1522 3936 l),
1566 3857 1710 3919 tum
1747 3846 1832 3918 de
1886 3847 2214 3940 operibus
2252 3870 2330 3920 ac
2364 3849 2636 3921 virtuti·

470 3962 598 4035 bus
667 3964 919 4056 quibus
988 3963 1162 4036 fides
1233 3964 1492 4035 homini
1557 3965 1933 4036 christiano
2004 3985 2163 4038 vere
2232 3966 2454 4057 prosit
2516 3985 2635 4035 seu

535 4217 608 4278 (Ι)
643 4212 749 4268 cfr.
777 4225 901 4281 quae
924 4229 1109 4283 supra,
1137 4231 1190 4283 p.
1213 4217 1302 4279 80,
1321 4216 1397 4270 'de
1419 4216 1756 4271 Battbaea‘nae
1779 4215 1926 4270 sedis
1953 4216 2315 4283 praecellentia
2352 4217 2636 4270 habentur.

529 4302 610 4366 β)
651 4303 920 4371 Integram
945 4301 1311 4367 Episeotarum
1337 4302 1534 4355 seriem
1561 4304 1730 4355 habes
1755 4316 1900 4369 sup„
1928 4314 2050 4368 pag.
2079 4303 2176 4355 132
2199 4314 2350 4369 seqq.
