3175 5084
1342 475 1792 542 ...375-

1456 726 1645 795 LXV.

588 951 621 987 «
665 923 956 1014 Oportet
1027 917 1215 1011 quod
1287 916 1579 1010 quilibet
1652 914 2092 988 individualis
2163 920 2357 987 actus
2420 914 2659 987 haheat

481 1042 774 1133 aliquam
820 1036 1431 1110 circumstantiam.
1477 1056 1601 1128 per
1653 1057 1853 1128 quam
1911 1034 2213 1106 trahatur
2266 1035 2348 1105 ad
2404 1035 2655 1107 bonum

480 1157 585 1227 vel
649 1156 922 1237 malum,
982 1153 1064 1225 ad
1122 1153 1349 1224 minus
1402 1172 1484 1222 ex
1537 1160 1731 1244 parte
1788 1151 2190 1222 intentionis
2248 1150 2432 1222 finis.
2489 1150 2654 1223 Cum

428 1363 432 1366 .
481 1271 660 1341 enim
716 1269 1003 1341 rationis
1040 1267 1133 1340 sit
1170 1267 1516 1355 ordinare,
1554 1278 1751 1339 actus
1807 1289 1843 1338 a
1896 1267 2160 1338 ratione
2213 1267 2658 1339 deliberativa

480 1384 896 1478 procedenS,
939 1384 1176 1455 sinon
1232 1383 1323 1455 sit
1377 1381 1460 1453 ad
1517 1382 1824 1453 debitum
1879 1382 2082 1453 finem
2137 1382 2520 1466 ordinatuS‚
2573 1405 2654 1455 cx

479 1503 613 1575 hoc
650 1502 803 1594 ipso
837 1508 1175 1595 repugnat
1203 1500 1448 1571 rationi
1482 1508 1549 1572 et
1578 1500 1780 1571 habet
1816 1499 2145 1571 rationem
2183 1499 2365 1582 mali;
2401 1500 2654 1573 sivero

477 1617 835 1688 ordinetur
870 1615 953 1688 ad
992 1615 1301 1688 debitum
1341 1615 1572 1697 finem,
1617 1615 1940 1688 convenit
1976 1635 2127 1686 cum
2167 1615 2411 1688 ordine
2448 1616 2654 1689 ratio-

476 1733 614 1815 nis,
657 1731 837 1804 unde
876 1731 1077 1804 habet
1112 1731 1444 1803 rationem
1483 1730 1647 1804 boni
1683 1756 1696 1802 ε
1744 1751 2032 1803 necesse
2067 1740 2177 1803 est
2213 1739 2435 1804 autem
2467 1734 2652 1825 quod

473 1851 582 1921 vel
642 1848 1023 1933 ordinetur,
1074 1849 1182 1920 vcl
1245 1870 1381 1921 non
1440 1847 1800 1921 ordinetur
1860 1848 1943 1919 ad
1996 1847 2302 1920 debitum
2368 1848 2570 1920 finem
2629 1874 2642 1918 :

477 1964 657 2036 unde
693 1984 979 2036 necesse
1025 1971 1132 2034 est
1181 1984 1451 2036 omnem
1502 1973 1724 2035 actum
1777 1962 2078 2036 hominis
2128 1986 2164 2034 a
2209 1963 2653 2040 deliberativa

474 2079 741 2151 ratione
776 2078 1289 2171 procedentem,
1324 2079 1391 2149 in
1432 2077 1785 2151 individuo
1822 2077 2360 2164 consideratum,
2397 2080 2649 2152 bonum

476 2216 633 2267 esse
671 2195 777 2266 vel
818 2192 1062 2264 malum
1098 2189 1197 2290 (i).
1241 2222 1277 2258 »

1438 2393 1652 2459 LXVl.

586 2584 1023 2657 Conscientia
1060 2605 1197 2655 non
1232 2592 1465 2677 potest
1498 2606 1658 2657 esse
1695 2585 1998 2679 legitima
2020 2586 2350 2676 operandi
2382 2585 2642 2677 regula,

483 2699 618 2771 nisi
656 2701 748 2772 sit
785 2707 993 2774 certa.
1039 2699 1336 2772 Licitum
1373 2708 1596 2773 autem
1636 2711 1740 2772 est
1779 2701 1975 2793 sequi
2014 2701 2420 2773 sententiam
2458 2694 2661 2774 certo'

474 2824 542 2887 et
578 2815 881 2908 practice
910 2814 1367 2909 probabilem,
1403 2837 1541 2887 non
1574 2816 1760 2909 quod
1799 2816 1946 2886 sola
1972 2815 2420 2907 probabilitas
2458 2817 2646 2888 suffi-

474 2929 610 3002 ciat
647 2931 729 3001 ad
769 2931 1203 3024 praehendam
1243 2932 1489 3026 agendi
1527 2931 1992 3013 securitatem,
2037 2931 2158 3002 sed
2197 2932 2381 3024 quia,
2425 2939 2647 3004 stante

473 3046 597 3117 hac
666 3046 1185 3138 probabilitate.
1263 3068 1385 3140 pcr
1454 3045 1871 3141 principium
1955 3047 2276 3119 reflexum
2349 3048 2645 3120 obtineri

474 3168 702 3253 potest
741 3162 1019 3235 moralis
1051 3162 1392 3235 certitudo
1422 3163 1507 3235 de
1546 3163 1902 3235 honestate
1940 3163 2254 3235 actionis,

1439 3413 1686 3479 LXVll.
1796 3441 1806 3451 ·

568 3607 916 3678 Immerito
952 3615 1179 3679 autem
1217 3609 1376 3700 quis
1414 3616 1687 3700 putaret
1725 3608 2198 3700 probabilismi
2237 3618 2539 3703 systema
2575 3610 2642 3680 in
2746 3592 2757 3597 ’

468 3722 779 3794 Ecclesia
799 3742 933 3793 non
959 3742 1237 3814 semper
1269 3723 1645 3794 admissum
1665 3723 1879 3794 fuisse
1896 3722 2137 3795 ctideo
2165 3724 2636 3814 rejiciendum.

469 3840 889 3930 Quamquam
953 3837 1133 3908 enim
1192 3843 1348 3909 ante
1410 3837 1649 3909 labens
1706 3837 2032 3909 saeculum
2101 3840 2248 3911 XVI
2321 3840 2637 3933 probabi·

469 3954 710 4026 lismus
740 3952 1061 4044 explicite
1091 3953 1495 4046 propositus
1526 3974 1661 4024 non
1694 3953 1845 4039 suit,
1871 3975 2023 4025 eum
2053 3962 2276 4028 tamen
2310 3955 2642 4050 implicite
2703 3981 2706 3984 ’

467 4069 683 4142 fuisse
745 4069 1114 4162 probatum
1178 4077 1245 4141 et
1304 4068 1371 4139 in
1433 4068 1694 4162 praxim
1756 4070 2212 4144 communiter
2272 4072 2641 4145 deductum
2732 4112 2736 4116 Δ

535 4302 604 4364 (ι)
638 4303 688 4352 S.
717 4300 970 4365 Thomas,
999 4262 1039 4355 i.
1068 4302 1136 4364 n,
1164 4316 1217 4367 q.
1250 4303 1329 4365 ιε,
1356 4314 1403 4353 a.
1429 4302 1479 4354 9.
