3175 5084
1252 474 1731 556 ..ρετ-,Σ

1222 816 1656 864 Alimentus
1684 818 1760 863 11.

515 983 850 1052 Doctrinae
887 982 1266 1070 theoloqicoe
1300 982 1677 1070 Aphraatia
1710 999 1999 1050 examen
2033 980 2451 1050 instituitur.

498 1198 646 1268 Jam
681 1218 810 1291 age
843 1197 928 1268 ad
965 1196 1344 1292 doctrinam
1382 1195 1743 1288 Aphraatis
1782 1193 2348 1266 considerandam
2407 1216 2566 1287 pro-

402 1314 558 1406 pius
608 1313 1037 1384 accedamus.
1080 1312 1169 1384 Ut
1222 1322 1447 1383 autem
1510 1320 1580 1383 et
1640 1311 1751 1382 hic
1803 1309 2030 1382 ordini
2085 1321 2288 1403 atque
2343 1331 2567 1382 rerum

400 1428 876 1522 perspicuitati
928 1427 1421 1521 aliquantulum
1475 1426 1943 1510 consulamuS,
1985 1424 2280 1517 primum
2324 1425 2568 1518 praeci-

401 1564 534 1634 pua
585 1541 896 1636 quaedam
946 1541 1336 1614 traditionis
1386 1541 1742 1613 catholicae
1793 1542 2110 1635 dogmata
2143 1525 2241 1612 'ab
2289 1548 2569 1614 auctore

403 1657 546 1728 sive
576 1678 702 1750 per
737 1658 1169 1730 occasionem
1221 1667 1288 1729 et
1340 1657 1565 1729 obiter
1617 1667 2010 1740 memorata,
2065 1654 2211 1729 sive
2257 1656 2567 1730 studiose

406 1783 473 1845 et
507 1774 764 1846 fusiore
801 1776 1060 1847 calamo
1098 1774 1409 1867 exposita
1460 1784 1574 1845 aut
1625 1782 2058 1867 propugnata
2094 1774 2333 1867 paucis
2371 1795 2567 1847 reco-

405 1890 654 1974 lemus;
709 1891 869 1963 dein
914 1892 1240 1963 nonnulla
1286 1891 1703 1974 notabimuS,
1760 1892 1842 1961 ab
1897 1889 2137 1962 eodem
2185 1891 2293 1963 vel
2343 1891 2568 1963 minus

404 2013 615 2090 recte,
655 2005 763 2078 vel
806 2004 1168 2077 manifesto
1204 2027 1438 2077 errore
1477 2006 1761 2099 prolata.

569 2297 604 2389 ξ
659 2298 729 2393 1.
789 2319 869 2368 ms:
919 2318 1266 2380 Arnnma,
1326 2319 1710 2370 rainrrmms
1763 2319 2116 2371 cuneum:
2169 2322 2382 2372 rasin.

500 2516 647 2603 Quo
705 2516 950 2587 melius
999 2525 1227 2608 pateat
1287 2537 1597 2608 quasnam
1649 2516 1742 2588 sit
1787 2517 1856 2587 in
1911 2518 2340 2611 paragrapho
2386 2540 2562 2611 prae-
2628 2583 2641 2596 ,

398 2633 576 2708 senti
613 2632 834 2704 nostri
880 2633 1177 2704 instituti
1216 2634 1417 2716 ratic,
1460 2634 1736 2725 quinam
1792 2634 2074 2716 limiteS,
2116 2636 2264 2705 haec
2300 2634 2455 2727 ipso
2494 2637 2564 2707 in

399 2746 630 2819 limine
665 2755 1042 2839 praenotata
1075 2748 1418 2820 volumus.

497 2863 829 2949 Quoniam
886 2862 1114 2934 omnia
1163 2842 1532 2954 Aphraatis
1589 2863 1849 2954 scripta
1887 2853 2190 2948 unicum,
2232 2885 2361 2937 nec
2397 2886 2569 2957 prae-

398 2978 678 3070 grandis
740 2978 967 3061 molis,
1033 2980 1350 3051 volumen
1421 2980 1932 3071 complectitur,
1996 2979 2274 3073 illaque,
2340 2981 2563 3073 quoad

395 3105 656 3185 partem
705 3095 811 3166 sui
865 3094 1041 3165 haud
1092 3094 1465 3177 minimam,
1508 3095 1576 3164 in
1630 3078 1897 3166 morum
1948 3104 2352 3189 argumento
2399 3117 2560 3168 ver-

395 3219 657 3293 santur,
701 3209 956 3282 nemini
1011 3210 1253 3282 mirum
1309 3209 1525 3281 videri
1576 3209 1783 3282 debet
1828 3230 1963 3280 non
2002 3211 2361 3282 universas
2397 3211 2558 3282 fidei

394 3333 649 3398 nostrae
684 3324 1007 3398 veritates
1059 3324 1129 3394 in
1179 3325 1266 3395 iis
1324 3324 1691 3409 contineri,
1734 3344 1959 3417 neque
2005 3324 2296 3416 proinde
2347 3345 2560 3417 posse

392 3462 475 3513 ex
510 3442 599 3513 iis
633 3441 1020 3513 ahsolutum
1056 3441 1250 3533 quasi
1279 3443 1493 3512 totius
1529 3441 1899 3534 theologiae
1934 3440 2343 3535 dogmaticae
2376 3463 2560 3515 com-

388 3557 715 3651 pendium
752 3556 1063 3628 conssari.
1109 3557 1331 3642 Quare
1369 3577 1453 3627 ne
1490 3556 1750 3648 aliquid
1789 3555 2181 3647 hujusmodi
2230 3577 2561 3629 conemur

388 3676 498 3745 vel
532 3673 707 3744 alius
743 3694 781 3743 a
817 3672 1019 3743 nobis
1056 3680 1409 3764 exspectet
1446 3672 1595 3765 ipsa
1648 3693 1761 3744 res
1811 3677 2067 3745 monet.
2115 3672 2335 3759 Quum
2369 3673 2554 3746 insu-

387 3811 514 3883 per
556 3790 856 3882 scriptor
891 3789 1193 3860 anterior
1227 3790 1320 3864 sit
1355 3788 1728 3880 majoribus
1779 3788 1921 3859 illis
1965 3789 2347 3861 haeresibus
2398 3811 2553 3882 quae

390 3906 549 3978 inde
609 3928 646 3977 a
704 3906 961 3978 saeculo
1021 3906 1106 3979 IV
1174 3905 1553 3977 Ecclesiam
1625 3906 2098 3978 vehementius
2167 3906 2553 3995 turbavere,

391 4044 611 4116 neque
646 4023 815 4094 alias
852 4030 1079 4094 sectas
1127 4023 1260 4094 sibi
1310 4022 1656 4115 proximas
1695 4022 2009 4093 habuerit
2044 4031 2296 4113 praeter
2328 4022 2553 4094 varias

391 4137 873 4210 Gnosticorum
921 4139 1183 4209 classes
1237 4147 1304 4207 et
1359 4137 1798 4226 Manichae08‚
1840 4135 2251 4230 intelligitur
2300 4155 2426 4207 cur
2468 4138 2555 4209 de

390 4253 497 4327 his
558 4262 844 4339 tantum,
894 4253 1048 4326 data
1101 4253 1493 4336 occasione,
1553 4253 1877 4326 notandis
1912 4252 2021 4325 vel
2072 4251 2560 4345 impugnandis
