3175 5084
1268 458 1681 526 ...69-

384 648 768 725 sententias
805 647 1055 722 mentis
1089 654 1251 733 tuae,
1292 653 1363 720 et
1389 646 1678 721 scientia
1711 667 1915 741 quam
1940 666 2021 719 ex
2058 645 2288 718 Sacris
2325 646 2553 740 Serip-

384 768 563 842 turis
598 765 893 843 hausisti
929 786 1036 839 me
1071 764 1375 851 erudias,
1416 770 1492 837 ut
1524 763 1711 859 quod
1748 762 1913 835 mihi
1949 762 2147 837 deest
2194 785 2233 835 a
2272 770 2341 837 te
2394 785 2558 858 sup-

385 885 683 979 pleatur,
725 880 993 954 esuries
1028 900 1176 953 mea
1210 900 1295 952 ex
1329 878 1643 953 doctrina
1686 884 1803 951 tua
1846 878 2132 951 satietur
2173 900 2253 952 ac
2286 879 2442 953 sitis
2479 903 2559 954 ex

386 1018 716 1092 aquarum
776 1004 1043 1069 tuarum
1110 994 1300 1067 fonte
1372 994 1861 1089 restinguatur.
1923 993 2225 1066 Plurima
2283 994 2559 1088 quidem

388 1113 603 1186 menti
665 1111 901 1189 insunt
967 1109 1054 1184 de
1115 1108 1370 1205 quibus
1435 1117 1507 1182 te
1566 1108 2061 1204 interrogatum
2119 1108 2362 1194 velim;
2438 1111 2562 1185 sed

386 1227 712 1300 universa
743 1228 1123 1320 praeparata
1174 1231 1338 1298 sunt
1377 1223 1557 1318 apud
1606 1244 1715 1296 me
1750 1230 1820 1296 et
1854 1223 2185 1317 reposita,
2227 1233 2327 1309 ut,
2369 1233 2561 1318 post-

388 1364 593 1437 quam
630 1341 717 1414 ad
751 1348 821 1415 te
854 1360 1134 1446 venero,
1178 1360 1257 1412 ea
1294 1359 1403 1412 me
1439 1332 1759 1412 edoceas,

486 1459 741 1532 Verum
776 1465 933 1531 ante
967 1455 1195 1529 omnia
1243 1454 1359 1527 illa
1414 1454 1500 1528 de
1544 1454 1798 1549 quibus
1836 1454 2000 1525 mihi
2038 1455 2427 1528 necessaria
2461 1466 2569 1530 est

388 1574 781 1667 inquisitio,
821 1580 986 1666 opto
1023 1579 1097 1643 ut
1132 1569 1216 1643 ad
1254 1591 1361 1644 me
1417 1569 1686 1642 scribas
1741 1567 2241 1642 institutionem
2295 1570 2382 1643 de
2432 1572 2567 1646 fide

388 1698 655 1776 nostra,
709 1687 1057 1785 quomodo
1112 1707 1358 1780 nempe
1409 1705 1486 1759 se
1539 1684 1810 1770 habeat,
1870 1684 2214 1779 quodnam
2265 1686 2358 1757 sit
2418 1688 2567 1779 ejus

387 1804 931 1889 fundamentum,
972 1801 1317 1896 quodnam
1346 1788 1714 1873 aedificium
1751 1800 1818 1869 in
1857 1799 2042 1893 quod
2079 1798 2196 1870 illa
2230 1801 2561 1896 assurgit,

391 1919 647 2015 quibus
683 1914 851 1991 insit
887 1916 1308 2001 hominibus,
1367 1915 1595 2010 qualis
1631 1915 1781 2006 ejus
1831 1913 2329 1987 consummatio
2366 1923 2568 2010 atque

389 2036 727 2130 perfectio
785 2033 889 2128 (t),
940 2054 1250 2127 quaenam
1301 2052 1512 2124 opera
1559 2030 1643 2102 ad
1693 2032 1867 2103 hanc
1919 2031 2412 2124 perfectionem
2465 2054 2567 2105 re-

392 2138 659 2248 quirat.
689 2151 1022 2247 Equidem
1072 2152 1203 2222 hoc
1240 2157 1497 2221 tantum
1536 2149 1823 2221 firmiter
1857 2149 2065 2220 credo
2109 2173 2124 2220 z
2168 2171 2376 2221 unum
2413 2171 2571 2223 esse

391 2272 638 2353 Deum,
698 2268 817 2362 qui
874 2267 944 2337 in
998 2265 1345 2359 principio
1398 2266 1646 2338 coelum
1698 2274 1767 2338 et
1818 2272 2067 2336 terram
2119 2264 2399 2350 creavit,
2451 2266 2570 2360 qui

392 2385 723 2458 mundum
782 2380 1128 2476 disposuit
1187 2379 1614 2474 ornavitque,
1680 2380 1798 2473 qui
1859 2379 2200 2452 hominem
2265 2380 2427 2453 fecit
2485 2381 2569 2452 ad

393 2500 769 2594 imaginem
805 2518 1023 2580 suam,
1067 2494 1184 2589 qui
1236 2492 1472 2567 Abelis
1524 2493 1907 2568 oblationes
1962 2495 2294 2589 suscepit,
2339 2496 2568 2568 Heno-

393 2617 626 2700 chum,
681 2620 918 2706 utpote
971 2609 1106 2683 sibi
1155 2617 1539 2702 acceptum,
1606 2610 1983 2695 transtulit,
2037 2611 2416 2692 Noachum,
2487 2633 2569 2683 eo

393 2730 580 2826 quod
641 2729 873 2821 justus
944 2732 1156 2809 esset,
1232 2725 1575 2818 protexit;
1653 2725 1772 2818 qui
1841 2723 2294 2797 Abrahamum
2362 2727 2573 2821 elegit

393 2855 682 2941 propter
707 2843 914 2915 fidem
949 2842 1097 2934 ejus
1151 2849 1219 2913 et
1254 2861 1409 2913 cum
1446 2841 1711 2935 Moyse,
1752 2841 1840 2912 ob
1875 2841 2074 2934 hujus
2114 2843 2571 2917 mansuetudi-

394 2982 579 3049 nem,
615 2978 1005 3031 sermonem
1052 2954 1322 3038 habuit;
1364 2953 1483 3047 q'ui
1520 2954 1721 3027 etiam
1759 2976 1884 3049 per
1919 2977 2157 3028 omnes
2198 2958 2571 3050 prophetas

396 3079 673 3150 locutus
709 3084 817 3146 est
844 3080 913 3145 et
947 3071 1244 3165 denique
1274 3069 1622 3142 Christum
1661 3092 1859 3143 suum
1894 3071 1961 3142 in
1992 3072 2318 3144 mundum
2353 3072 2566 3144 misit.

497 3192 663 3262 Haee
723 3188 961 3282 igitur,
1029 3185 1261 3270 frater,
1331 3185 1423 3255 ita
1483 3205 1641 3257 esse
1705 3186 1939 3257 credo.
2007 3187 2229 3274 Quare
2287 3189 2370 3260 ad
2436 3213 2569 3276 me,

397 3327 571 3400 rogo
608 3314 704 3389 te,
756 3301 1049 3388 scribaS,
1093 3320 1336 3394 meque
1390 3300 1748 3373 edocendo
1804 3323 2112 3395 quaenam
2167 3325 2378 3397 opera
2426 3307 2574 3380 haec

398 3431 638 3497 nostra
653 3422 827 3494 fides
842 3417 1478 3514 requirat,animum
1502 3438 1724 3490 meum
1741 3418 1952 3492 facias
1967 3419 2406 3514 tranquillum
2419 3418 2516 3521 (2).
2536 3452 2571 3487 »

466 3705 537 3767 (1)
572 3699 846 3757 invidere
866 3699 1082 3754 estloc.
1122 3698 1239 3763 cit„
1281 3699 1545 3779 vocabula
1585 3710 1694 3753 non
1738 3710 1931 3766 pauca,
1973 3711 2098 3767 quae
2139 3700 2196 3753 in
2237 3700 2405 3755 codd.
2445 3704 2572 3755 uss.

399 3798 556 3841 erasa
579 3789 712 3838 sunt
734 3781 818 3838 vel
841 3780 1035 3834 mutila
1058 3786 1347 3848 apparent,
1378 3792 1476 3848 pro
1500 3776 1561 3834 e'a
1589 3794 1697 3848 qua
1738 3780 1906 3848 pollet
1944 3781 2253 3838 eruditione
2292 3788 2347 3837 et
2383 3782 2577 3850 peritia

401 3869 609 3956 optime
634 3863 875 3921 restituit
895 3862 1211 3932 Wrightius.
1241 3863 1339 3917 flio
1363 3869 1545 3917 tamen
1569 3864 1812 3930 spatium
1847 3877 2075 3919 vacuum
2111 3865 2331 3933 reliquit
2355 3865 2410 3918 in
2435 3867 2581 3921 hunc

404 3968 629 4022 modum
678 3983 692 4018 z
731 3950 1124 4013 dub—>⁶0⁴0
1161 3963 1208 4012 d
1240 3996 1259 4013 ·
1287 3995 1304 4012 ·
1337 3952 1605 4025 aha-10
1665 3963 1999 4033 conjecerim
2062 3977 2163 4033 ego
2219 3965 2578 4032 supplendam

410 4097 602 4140 vocem
628 4083 836 4139 nomini
874 4070 1112 4140 lib-au
1141 4082 1253 4136 fere
1279 4094 1657 4150 synonymam,
1678 4088 1808 4150 puta
1828 4052 2084 4144 13:²33.»
2110 4089 2205 4139 aut
2234 4051 2562 4144 1Q3

412 4167 644 4235 ideoque
667 4167 784 4221 haec
805 4166 974 4221 'latine
998 4164 1158 4236 posui
1181 4180 1194 4217 :
1220 4165 1412 4236 Qualis
1436 4165 1554 4233 ejus
1575 4168 1971 4222 consummatio
1992 4173 2153 4236 atque
2175 4167 2451 4235 perfectio.

478 4251 550 4317 (Ξ)
584 4250 729 4304 Alias
755 4249 920 4304 etiam
942 4249 1256 4317 Sapientem
1295 4252 1515 4304 Persam
1556 4250 1627 4305 ab
1665 4249 1858 4306 eodem
1898 4250 1968 4306 de
2005 4250 2240 4307 diversis
2279 4250 2586 4318 disciptinae
