3175 5084
1149 421 1552 487 ..27-

369 623 708 711 Quamdiu
743 631 963 696 autem
990 623 1393 718 ,regnaverit
1440 623 1916 718 unusquisque
1952 646 2035 697 ex
2070 626 2432 718 imperato-

274 737 464 810 ribus
523 739 918 810 memoratis
969 739 1129 809 hinc
1183 738 1521 812 novimuS.
1577 739 1923 825 SocrateS,
1981 739 2158 811 libro
2210 741 2432 833 primo

274 873 413 924 suae
457 855 774 925 Historioe
804 856 1319 958 ecclesiasticae,
1375 854 1599 947 capite
1652 854 2209 949 quadragesimo,
2254 857 2428 928 scri-

276 969 371 1040 bit
421 995 436 1040 :
484 999 521 1035 «
554 970 737 1042 Vixit
787 978 1008 1042 autem
1064 970 1433 1063 imperator
1488 970 1978 1043 Constantinus
2030 993 2248 1044 annos
2305 972 2428 1060 65,

274 1105 350 1156 ex
387 1084 642 1177 quibus
679 1083 765 1154 31
811 1082 1141 1176 regnavit.
1183 1112 1218 1149 »
1259 1083 1548 1173 ibidem,
1591 1085 1814 1177 capite
1870 1082 1966 1157 45
2020 1086 2179 1157 libri
2226 1088 2286 1157 ΙΙ
2322 1086 2428 1183 (1),

273 1198 567 1292 legimus
610 1224 625 1269 :
671 1228 708 1265 «
739 1199 921 1271 Vixit
974 1199 1415 1273 Constantius
1468 1220 1686 1273 annos
1738 1196 1859 1291 45,
1912 1221 1994 1272 ex
2043 1202 2295 1294 quibus
2341 1200 2432 1273 38

273 1315 608 1408 regnavit,
676 1323 819 1387 tres
882 1315 1158 1408 quidem
1225 1335 1377 1387 cum
1441 1322 1634 1408 patre
1688 1337 1813 1388 suo
1877 1312 1951 1414 (a)
1997 1326 2065 1388 et
2124 1314 2218 1387 25
2278 1328 2436 1411 post

272 1431 484 1523 patris
548 1431 835 1505 obitum.
904 1460 940 1496 »
1006 1431 1291 1515 Ibidem,
1359 1430 1517 1502 libri
1585 1431 1771 1503 tertii
1835 1432 2058 1525 capite
2123 1431 2216 1503 16
2275 1430 2348 1530 (3)
2414 1460 2428 1508 :

274 1576 307 1612 «
346 1547 663 1620 Julianus
718 1547 930 1640 igitur
983 1547 1050 1617 in
1109 1547 1466 1619 consulatu
1527 1569 1655 1618 suo
1709 1555 1979 1640 quarto,
2029 1568 2232 1640 quem
2283 1571 2436 1621 cum

270 1663 597 1737 Sallustio
654 1663 901 1757 gessit,
944 1663 1057 1735 die
1110 1660 1204 1734 26
1261 1664 1519 1736 mensis
1575 1664 1876 1736 Thomuz
1928 1662 2163 1756 (sulii),
2206 1663 2275 1734 in
2329 1685 2436 1761 rea

267 1781 474 1873 gione
512 1782 872 1852 Persarum
915 1789 1221 1852 mortuus
1258 1786 1390 1863 est,
1440 1779 1537 1850 uti
1576 1801 1787 1872 supra
1821 1778 1988 1852 dixi.
2035 1780 2181 1851 Hic·
2215 1788 2436 1852 autem

269 1904 411 1966 erat
463 1895 711 1967 tertius
771 1916 986 1966 annus
1050 1894 1318 1987 imperii
1380 1894 1627 1986 ipsiuS.
1680 1922 1715 1958 »
1772 1893 2058 1977 Ibidem,
2125 1895 2282 1966 libri
2343 1896 2436 1964 HI

268 2010 491 2102 capite
531 2007 624 2080 20
663 2008 766 2103 (4),
809 2011 1100 2102 loquens
1137 2010 1223 2081 de
1272 2009 1555 2081 Joviano
1595 2009 2033 2102 imperatore,
2077 2009 2225 2082 haec
2282 2031 2436 2102 pro-

267 2125 399 2196 fert
441 2150 456 2194 :
504 2152 542 2189 «
577 2125 810 2217 Itaque
848 2123 916 2193 in
954 2125 1107 2194 loco
1145 2144 1351 2215 supra
1400 2122 1725 2210 indicato,
1764 2131 2074 2215 tempore
2127 2124 2424 2208 hiemali,

264 2240 658 2313 infirmitate
695 2260 932 2312 renum
971 2235 1042 2334 (5)
1078 2239 1409 2311 laboravit
1444 2247 1647 2333 atque
1703 2239 1901 2323 obiit,
1946 2241 2102 2332 ipso
2161 2248 2228 2312 et
2262 2242 2424 2313 Var-

266 2355 553 2427 roniano
614 2355 756 2427 filio
811 2353 1237 2437 consulibuS‚
1306 2353 1418 2425 die
1471 2353 1563 2422 17
1618 2354 1877 2426 mensis
1931 2353 2231 2425 Schebot
2286 2350 2432 2450 (Fe-

265 2474 571 2567 bruarii),
604 2483 966 2569 postquam
1005 2495 1278 2546 menses
1318 2472 1358 2541 7
1398 2473 1708 2567 regnavit
1744 2481 1812 2545 et
1845 2473 2014 2545 vixit
2049 2494 2266 2554 annos
2303 2472 2420 2546 33.

264 2592 480 2662 Porro
520 2591 693 2662 liber
735 2589 850 2661 hic
906 2588 1001 2660 3¹¹⁸
1035 2588 1516 2681 complectitur
1567 2601 1835 2682 tempus
1880 2609 2211 2660 annorum
2265 2587 2309 2659 3
2359 2600 2428 2661 et

264 2704 305 2774 2
344 2706 682 2777 mensium
717 2703 816 2802 (6).
861 2734 896 2769 >›
937 2704 1223 2788 Ibidem,
1267 2703 1424 2776 libri
1475 2705 1562 2776 IV
1604 2704 1826 2797 capite
1864 2702 1957 2775 35
1995 2704 2097 2797 (τ),
2141 2704 2432 2797 loquens

262 2821 346 2892 de
408 2821 688 2893 Valente
748 2821 1157 2912 imperatore
1232 2845 1246 2890 :
1319 2848 1354 2884 «
1395 2819 1579 2891 Vixit
1641 2829 1863 2892 autem
1929 2840 2147 2891 annos
2210 2818 2303 2890 50
2364 2830 2432 2892 et

328 3053 401 3115 (ἱ)
437 3054 565 3116 Cap.
597 3052 658 3101 47
687 3050 742 3102 in
768 3049 962 3103 valesii
988 3048 1248 3113 editione,
1274 3049 1417 3116 apud
1442 3050 1641 3118 Higue.

327 3137 404 3198 (Ξ)
441 3132 806 3200 corrigendus
828 3131 1034 3185 librarii
1052 3132 1260 3197 lapsus,
1273 3145 1432 3199 quem
1454 3138 1743 3186 contextus
1761 3131 1879 3197 ipse
1895 3130 2122 3186 indicat:
2147 3130 2432 3198 legendum

263 3229 478 3284 nempe,
503 3229 627 3269 cum
654 3221 799 3268 textu
822 3216 1006 3268 Graeco
1026 3214 1282 3268 editionis
1305 3213 1621 3276 Valesianae,
1651 3217 1730 3278 ¹3,
1765 3210 1880 3310 J<
1903 3253 1919 3279 ,
1947 3214 2066 3269 loco
2090 3209 2237 3312 δρζ
2279 3258 2294 3273 .

325 3321 400 3381 (5)
436 3319 570 3381 cap.
595 3316 650 3368 ³¹
682 3316 736 3389 iu
762 3315 891 3369 edit.
928 3315 1042 3378 cit.;
1068 3314 1160 3369 ubi
1197 3320 1252 3369 et
1290 3328 1390 3381 pro
1437 3328 1626 3369 mense
1667 3317 1932 3380 Thomuz,
1974 3316 2069 3383 qui
2109 3324 2194 3371 est
2230 3320 2436 3384 Julius,

264 3400 432 3453 habes
456 3396 707 3453 Iunium.

327 3486 398 3546 (4)
433 3487 564 3548 Cap.
594 3484 661 3535 20
684 3482 740 3534 in
765 3481 894 3534 edit.
924 3481 1018 3534 cit.

329 3586 397 3646 (5)
436 3575 735 3657 etQ?
753 3582 969 3653 honio-⁹
992 3586 1077 3635 est
1099 3579 1400 3647 infirmitas
1419 3596 1632 3638 renum.
1656 3586 1839 3640 Graece
1856 3585 2086 3640 habetur
2117 3568 2432 3652 ἵμφμξωε

265 3709 493 3760 roo-uma,
535 3687 572 3739 i.
599 3699 649 3739 e.
676 3681 1054 3737 obstructionis
1078 3683 1312 3736 morbus.
1345 3682 1481 3736 Hinc
1510 3683 1686 3749 possit
1720 3697 1830 3738 non
1856 3698 2018 3740 nemo
2041 3687 2311 3752 conjicere
2335 3702 2436 3755 pro

265 3775 509 3850 ἱὸὼᾶε
544 3785 831 3855 legendum
867 3783 1089 3854 Iba->m
1111 3782 1419 3847 prohibitio,
1445 3783 1719 3847 cohibitio,
1756 3785 1998 3838 retentio.
2039 3788 2220 3853 Neque
2258 3794 2436 3842 tamen

267 3885 380 3938 baec
413 3883 680 3938 correctio
721 3883 1048 3945 necessaria,
1093 3894 1217 3935 cum
1262 3881 1430 3947 priori
1474 3883 1640 3936 etiam
1688 3883 1911 3938 nomine
1952 3884 2225 3953 designari
2275 3895 2440 3953 queat

266 3983 488 4037 morbus
513 3981 624 4044 ille,
649 3981 742 4048 qui
767 3993 796 4033 a
821 3983 1037 4036 Socrate
1071 3962 1340 4048 ἵμφμξσσ
1376 3986 1603 4035 vocatur
1619 3987 1675 4035 et
1694 3982 1841 4048 apud
1861 3982 2103 4036 medicos
2129 3983 2436 4052 stranguria

266 4077 360 4118 seu
389 4065 561 4119 urinae
586 4063 860 4130 angustiae
883 4063 1056 4118 audit.

329 4149 401 4210 (6)
435 4151 530 4213 Ap.
553 4145 774 4222 migne:
807 4146 1096 4202 Annorum
1121 4149 1359 4202 duorum
1384 4148 1728 4202 cernensium
1756 4148 2013 4215 quinque.

335 4231 408 4294 (7)
440 4233 565 4297 cap.
591 4231 659 4283 58
683 4241 771 4296 ap.
799 4230 996 4297 iligna.
