3175 5084
1290 485 1743 552 ...173-

418 675 496 745 ln
535 674 709 746 facie
742 675 977 758 altera,
1023 671 1382 767 sequentia
1416 679 1705 757 tantum,
1752 673 1912 746 item
1942 693 2025 745 ex
2064 673 2231 745 Luc.
2270 672 2423 753 ΧΠ,
2467 668 2590 753 32,

419 788 854 881 deprompta,
900 789 1254 860 oculorum
1290 787 1506 860 aciem
1545 808 1684 860 non
1721 787 2056 882 effugiunt
2099 813 2115 858 ε

999 1013 1292 1111 Qum
1352 970 2017 1099 comn‘ucu

1000 1136 1105 1221 ιτ
1165 1135 1503 1220 nm
1565 1134 2021 1243 utsrno

1004 1258 1303 1344 nant
1355 1249 1728 1347 [uocis
1787 1257 2044 1356 nte]

529 1492 625 1563 De
660 1489 883 1562 tribus
919 1511 1130 1582 porro
1167 1489 1529 1563 codicibus
1588 1490 2102 1583 manuscriptis,
2156 1511 2334 1583 quos
2371 1512 2604 1564 recen·

428 1607 694 1680 suimus
756 1606 1423 1700 delineavimusque,
1489 1605 1808 1678 affirmari
1868 1612 2137 1698 potest,
2202 1627 2351 1690 eos,
2419 1609 2605 1701 quod

429 1721 674 1794 attinet
729 1720 813 1792 ad
875 1720 1159 1823 nitidam
1220 1730 1743 1813 accuratamque
1799 1720 2368 1814 descriptionem,
2436 1722 2607 1795 nulli

432 1836 796 1910 inferiores
832 1857 991 1909 esse
1027 1859 1264 1910 eorum
1318 1838 1437 1931 qui
1492 1838 1751 1931 insigni
1806 1839 2215 1911 collectione
2269 1839 2606 1912 Nitriensi

431 1952 1104 2045 comprehenduntur
1155 1949 1255 2049 (ι).
1315 1952 1572 2025 Omnes
1626 1962 1851 2024 tamen
1909 1954 2057 2026 loca
2110 1954 2607 2048 quadamtenus

433 2076 780 2163 corrupta,
819 2069 929 2141 vel
982 2069 1204 2161 plura,
1263 2069 1373 2139 vel
1425 2068 1777 2161 pauciora,
1836 2068 2219 2153 continent,
2271 2069 2363 2140 ita
2419 2080 2493 2141 ut
2544 2069 2607 2141 ei
2712 2156 2718 2161 .

434 2184 552 2278 qui
586 2185 911 2256 Homilias
946 2205 984 2256 e
1021 2185 1299 2278 Syriaca
1334 2184 1403 2254 in
1458 2184 1657 2255 aliam
1698 2185 2000 2278 linguam
2035 2185 2202 2258 velit
2236 2187 2609 2258 transferre
2691 2258 2702 2271 ,

434 2299 759 2371 liberiore
793 2299 1185 2391 conjectura
1219 2298 1481 2392 passim
1520 2299 1850 2371 utendum
1887 2300 2003 2371 sit.

535 2415 669 2488 Sed
726 2416 871 2488 haec
923 2414 1011 2488 de
1063 2416 1204 2487 illis
1267 2415 1730 2488 monumentis
1782 2415 2149 2489 sufficiant.
2216 2419 2362 2488 Jam
2426 2418 2606 2490 enim

435 2531 621 2603 subit
679 2532 886 2603 timor
945 2552 1030 2604 ne
1093 2532 1159 2601 in
1227 2531 1472 2602 iisdem
1548 2530 2009 2625 depingendis
2073 2532 2348 2626 longior
2406 2554 2607 2626 aequo

433 2647 703 2719 fuerim.
747 2648 894 2719 Nec
931 2657 1156 2719 tamen
1195 2646 1526 2718 continuo
1564 2646 1818 2718 inferre
1857 2647 2083 2730 liceat,
2126 2648 2277 2720 sine
2313 2650 2608 2722 consilio

435 2783 515 2834 ac
550 2770 806 2834 temere
842 2762 1074 2855 egisse
1129 2783 1272 2844 me;
1334 2778 1487 2832 cum
1527 2782 1565 2832 e
1601 2763 1948 2834 contrario
2002 2762 2070 2832 id
2126 2763 2193 2833 in
2240 2773 2398 2836 voto
2434 2773 2503 2835 et
2540 2765 2608 2834 in

436 2877 817 2949 intentione
854 2876 1234 2961 habuerim,
1276 2885 1348 2947 ut
1401 2898 1483 2949 ex
1529 2877 1887 2970 proposita
1940 2877 2409 2972 descriptione
2454 2899 2606 2951 eru·

437 2992 580 3064 dito
649 2992 894 3065 lectori
963 2999 1107 3063 tum
1169 2991 1521 3086 perspecti
1584 2991 1830 3064 fierent
1891 2993 2173 3086 genuini
2236 2994 2462 3066 fontes
2526 3016 2609 3065 ex

438 3109 689 3203 quibus
724 3106 1087 3201 Aphraatis
1117 3128 1327 3201 opera
1360 3108 1876 3180 subministrata
1928 3117 2114 3191 sunt,
2147 3115 2290 3179 tum
2319 3109 2611 3201 proinde

436 3234 755 3303 constare
812 3233 1056 3315 posset
1116 3223 1203 3293 de
1261 3222 1327 3294 vi
1392 3232 1952 3316 argumentorum
2015 3244 2169 3315 quae
2231 3244 2387 3295 mox
2457 3224 2610 3318 ipse

438 3337 801 3431 scriptoris
852 3346 1079 3410 textus
1135 3345 1204 3409 et
1252 3336 1688 3408 librariorum
1741 3337 2113 3410 auctoritas
2176 3338 2380 3410 nobis
2442 3361 2609 3433 sup-

439 3452 843 3546 peditabunt
875 3454 959 3524 ad
994 3453 1450 3544 Epistularum
1486 3461 1841 3546 γνησιότητα
1877 3452 2501 3525 demonstrandam.

535 3571 684 3641 Jam
719 3567 805 3639 de
840 3589 1076 3640 norma
1110 3589 1312 3662 quam
1369 3569 1438 3639 in
1477 3568 1785 3641 editione
1822 3589 1946 3640 sua
1981 3566 2373 3641 adornanda
2408 3591 2608 3643 secu·

439 3691 551 3755 tus
587 3682 679 3754 sit
712 3681 1098 3776 Wrightius
1136 3690 1204 3754 et
1257 3681 1343 3754 de
1397 3681 1735 3754 limitibus
1772 3702 1950 3775 quos
1989 3682 2204 3753 labori
2242 3684 2608 3777 praescrip-

441 3796 610 3866 serit
670 3795 845 3889 ipse,
904 3816 1116 3888 pauca
1179 3798 1328 3868 haec
1385 3796 1646 3889 accipe.
1711 3798 1874 3868 Eam
1937 3795 2135 3869 inivit
2194 3798 2300 3869 vir
2362 3798 2610 3870 doctus

442 3910 770 3983 rationem
831 3912 1108 4005 agendi,
1181 3919 1253 3983 ut
1313 3911 1439 3984 toti
1512 3911 1690 3982 libro
1760 3911 2092 4004 prolixam
2163 3913 2611 4005 praemitteret

443 4025 936 4117 praefationem,
1007 4048 1140 4120 qua
1201 4037 1269 4099 et
1328 4027 1413 4099 de
1475 4033 1782 4111 auctore,
1848 4034 1918 4099 et
1976 4024 2063 4099 de
2123 4026 2272 4119 ejus
2327 4026 2610 4121 scriptis

512 4277 585 4338 (¹)
622 4276 698 4327 lta
721 4273 1037 4342 Wrightius,
1065 4275 1178 4328 'Phe
1201 4274 1455 4329 homilia
1475 4275 1537 4341 of
1557 4276 1894 4341 Apamam,
1920 4276 2128 4344 praesat.
2158 4289 2248 4342 pp.
2278 4277 2342 4327 u
2365 4279 2418 4325 et
2443 4276 2520 4327 15.
