3175 5084
1275 506 1684 573 ...45-

386 690 457 761 in
496 693 727 765 medie
760 715 1055 787 corpore
1086 703 1160 768 et
1201 715 1409 768 sensu
1447 695 1729 787 privari,
1770 696 1931 789 quia
1964 697 2027 768 ei
2066 698 2242 769 haud
2276 698 2561 769 multum

385 809 841 883 conveniebat
867 810 1016 885 haec
1040 810 1372 885 assertio:
1400 811 1475 882 In
1494 810 1720 883 medio
1747 831 2039 904 corpore
2067 812 2385 905 spiritum
2413 811 2557 882 ani-

384 925 631 997 malem
655 930 1011 999 saminari.
1055 967 1143 979 —-
1187 928 1494 1015 Quonam
1528 935 1754 1000 autem
1792 948 1999 1000 sensu
2047 935 2117 999 et
2161 925 2560 1021 acceptione

385 1041 710 1134 prudenti
747 1042 885 1115 dici
914 1042 1081 1115 illud
1108 1043 1389 1136 potest?
1413 1042 1715 1136 Spiritus
1750 1042 1931 1115 enim
1967 1042 2304 1125 animalis,
2347 1063 2556 1114 sensu

381 1179 658 1243 carens,
698 1159 770 1232 in
818 1160 1002 1232 nulla
1045 1168 1354 1232 creatura
1397 1160 1659 1243 existit,
1696 1160 1832 1233 nisi
1867 1167 2128 1232 tantum
2168 1158 2237 1230 in
2274 1157 2554 1231 semini-

384 1272 543 1359 bus,
585 1275 654 1345 in
693 1274 928 1349 herbis
961 1282 1165 1369 atque
1201 1275 1268 1362 in
1316 1275 1708 1358 arboribus,
1749 1284 1819 1348 et
1870 1276 1939 1346 in
1992 1275 2273 1349 foetibus
2324 1274 2553 1347 forsan

382 1397 584 1462 utero
618 1390 948 1473 inclusis;
1005 1389 1189 1485 quod
1225 1389 1406 1462 enim
1448 1390 1595 1461 haec
1629 1390 1751 1462 alit
1785 1397 1855 1462 et
1906 1389 2011 1462 eis
2059 1389 2555 1461 incrementum

383 1506 606 1590 affert,
649 1516 838 1581 caret
869 1507 1211 1580 sentiendi
1247 1515 1316 1579 et
1351 1526 1506 1579 sese
1558 1528 1597 1578 a
1645 1507 1799 1579 loco
1845 1506 1914 1577 in
1970 1508 2195 1580 locum
2234 1506 2551 1579 movendi

383 1621 731 1696 facultate.
800 1624 970 1697 Nam
1029 1643 1210 1701 cum.
1278 1630 1354 1695 ut
1414 1621 1669 1697 docent
1729 1622 2106 1714 sapientes,
2170 1621 2553 1694 substantia

381 1735 727 1809 dividatur
760 1739 829 1809 in
865 1758 1266 1832 corpoream
1303 1743 1373 1809 et
1407 1737 1908 1831 incorpoream,
1950 1744 2020 1808 et
2054 1736 2246 1831 prior
2281 1735 2551 1830 disper-

378 1854 590 1927 tiatur
648 1856 716 1927 in
770 1856 1128 1928 animatam
1190 1863 1259 1927 et
1308 1853 1768 1940 inanimatam,
1827 1853 2209 1928 substantia
2262 1854 2553 1926 animata

381 1969 533 2062 ipsa
568 1971 856 2045 ulterius
907 1969 1233 2044 dividitur
1275 1969 1345 2041 in
1382 1971 1658 2056 animal,
1698 1971 2109 2064 zoophytum
2148 1965 2222 2067 (ι)
2250 1977 2319 2040 et
2354 1970 2546 2062 plan·

379 2093 541 2159 tam.
586 2088 674 2160 Et
706 2087 953 2162 animal
987 2086 1263 2182 quidem
1299 2096 1409 2161 est
1442 2085 1614 2159 illud
1648 2106 1849 2161 omne
1877 2086 2062 2180 quod
2088 2086 2255 2158 vivit
2285 2093 2356 2157 et
2391 2105 2548 2158 sese

380 2223 418 2273 a
463 2202 619 2275 loco
670 2202 743 2273 in
796 2203 1023 2275 locum
1074 2216 1190 2274 aut
1233 2201 1300 2273 in
1346 2223 1531 2288 aere,
1572 2211 1688 2275 aut
1734 2202 1802 2274 in
1850 2211 2061 2286 terra,
2101 2208 2219 2274 aut
2252 2200 2322 2271 in
2375 2222 2550 2293 aqua

378 2318 727 2391 transfert.
771 2318 1121 2412 Zoophyta
1174 2338 1339 2390 vero
1395 2326 1557 2391 sunt
1610 2317 1950 2412 spongiae,
1994 2316 2352 2410 conchylia
2405 2310 2548 2408 ple·

377 2454 588 2528 raque
631 2442 700 2506 et
732 2433 957 2505 omnia
993 2432 1109 2504 illa
1144 2453 1324 2526 quae,
1366 2433 1527 2506 dum
1584 2432 1702 2505 uni
1758 2435 1915 2507 loco
1967 2433 2163 2504 affixa
2213 2440 2374 2503 sunt
2419 2451 2547 2502 nec

376 2549 459 2621 ab
519 2570 604 2622 eo
663 2550 1011 2624 voluntate
1059 2570 1184 2623 sua
1236 2550 1585 2637 recedunt,
1640 2549 1899 2633 vivunt,
1958 2558 2028 2621 et
2078 2547 2413 2631 sentiunt,
2477 2546 2542 2619 si

377 2663 542 2757 quid
589 2663 675 2739 ad
726 2684 805 2735 ea
843 2662 1122 2739 accedat
1167 2672 1235 2737 et
1294 2684 1373 2735 ea
1420 2673 1692 2757 tangam
1734 2672 1814 2757 et,
1837 2685 1915 2736 ea
1970 2648 2197 2736 viv'ere
2258 2670 2540 2754 apparet

376 2789 518 2850 tum
570 2800 654 2852 ex
705 2800 787 2852 eo
839 2779 1025 2872 quod
1083 2779 1408 2863 sentiant,
1449 2787 1594 2852 tum
1647 2801 1729 2852 ex
1785 2801 1869 2852 eo
1915 2779 2098 2874 quod
2141 2776 2425 2873 sanguis
2462 2799 2545 2850 ex

376 2895 462 2967 iis
498 2895 893 2990 egrediatur
927 2897 987 2967 si
1029 2903 1491 2989 amputentur.
1536 2898 1774 2969 Planta
1809 2905 2032 2969 autem
2062 2905 2171 2970 est
2204 2895 2272 2966 id
2324 2894 2539 2990 quod,

375 3010 607 3094 fixum,
650 3011 1021 3102 plantatum
1058 3020 1127 3084 et
1161 3013 1611 3084 constitutum
1660 3011 1730 3083 in
1780 3032 1915 3084 uno
1961 3012 2142 3096 locO,
2183 3009 2541 3105 quamdam

372 3124 574 3197 habet
608 3124 924 3207 animam,
967 3146 1174 3197 sensu
1212 3135 1583 3210 carentem,
1644 3149 1798 3220 quae
1835 3126 2001 3198 illud
2038 3125 2159 3199 alit
2192 3132 2263 3198 et
2297 3124 2381 3197 ad
2435 3127 2539 3198 in·

370 3246 795 3312 crementum
840 3238 1032 3313 ducit
1079 3262 1211 3311 una
1251 3262 1407 3313 cum
1464 3251 1671 3326 terra,
1729 3263 1904 3335 aqua
1955 3250 2023 3314 et
2075 3240 2543 3315 sollicitudine

373 3353 746 3426 Creatoris.
791 3354 968 3427 Huic
1002 3355 1263 3447 speciei
1300 3356 1541 3428 animae
1577 3358 1827 3449 plantae
1867 3356 2269 3431 assimilavit
2304 3365 2543 3429 auctor

373 3471 487 3543 ille
525 3472 737 3545 Persa
771 3473 1060 3544 animam
1111 3473 1495 3557 humanam,
1559 3497 1761 3567 quam
1814 3475 1987 3549 dicit
2039 3485 2199 3570 post
2252 3485 2538 3548 mortem

375 3605 575 3656 sensu
614 3585 865 3678 privari
904 3597 970 3659 et
1016 3587 1240 3659 medio
1287 3587 1355 3658 in
1402 3609 1696 3683 corpore
1756 3591 2063 3686 sepeliri.
2104 3590 2192 3662 At
2225 3591 2538 3663 viliorem

375 3698 573 3769 etiam
612 3699 831 3771 anima
866 3701 1117 3794 plantae
1152 3702 1457 3775 ostendit
1491 3724 1650 3776 esse
1684 3705 1976 3777 animam
2013 3728 2166 3801 quae
2205 3705 2429 3779 medio
2468 3706 2535 3776 in

441 3960 514 4021 (t)
549 3945 739 4040 theg-1
783 3958 945 4013 Au-
977 3962 1309 4017 verbotenus
1333 3968 1420 4018 cst
1440 3964 1653 4020 animat
1675 3968 1898 4031 nlanloe.
