3175 5084
1480 464 1934 532 ...2ae-

629 637 964 726 defendit,
1023 647 1165 711 tum
1225 660 1309 711 ex
1372 636 1754 729 scripturis
1816 636 2241 718 demonstrat
2294 635 2656 706 Israelita-3
2712 635 2789 704 in

625 776 837 854 qnam
901 763 1168 845 qentem
1231 765 1300 827 ct
1364 772 1653 845 requam
1721 771 2075 842 nunquam
2124 755 2617 841 ‘conat-cymam
2666 751 2790 820 'iri

628 872 738 965 (Η.
797 867 1001 964 ΧΙΧ),
1056 869 1365 963 nihilque
1414 875 1654 942 contra
1708 866 2072 961 religionis
2124 875 2379 939 nostrae
2436 866 2788 939 veritatem

625 986 853 1059 afferri
921 1006 1132 1078 posse
1208 1006 1291 1070 ex
1370 983 1736 1079 praesentis
1812 981 2147 1075 temporis
2209 984 2790 1073 persecutionibus

625 1101 734 1193 (H.
778 1097 987 1194 XXl);
1031 1100 1301 1172 demum
1337 1099 1775 1171 difficultates
1811 1119 1964 1191 quae
2001 1118 2138 1170 non
2175 1119 2214 1169 a
2246 1098 2505 1170 ludaeis
2553 1097 2784 1181 mod0,

628 1215 751 1288 sed
785 1214 869 1286 ab
906 1214 1282 1287 incredulis
1312 1215 1864 1308 quibuscumque
1914 1214 1997 1285 de
2038 1223 2252 1285 morte
2283 1223 2349 1285 et
2385 1214 2792 1304 temporibus

626 1333 891 1404 ultimis
927 1330 1038 1425 (Η.
1079 1330 1289 1422 XXII)
1331 1330 1821 1424 ingerebantur
1853 1338 2009 1422 apte
2045 1329 2389 1402 dissolvit.

725 1448 1034 1519 Humilia.
1059 1449 1134 1531 V,
1174 1447 1259 1517 dc
1290 1447 1483 1518 bellis
1516 1445 1877 1539 inscripta,
1917 1445 1980 1517 ei
2033 1445 2152 1539 qui
2205 1444 2286 1516 ad
2340 1445 2526 1516 illam
2561 1445 2791 1517 eonsi-

628 1560 992 1635 derandam
1028 1561 1322 1655 primum
1377 1561 1646 1633 accedit
1682 1560 2127 1653 ‘aliquatenus
2162 1560 2456 1634 obscura
2489 1559 2785 1632 videtur.

630 1681 869 1774 Neque
918 1687 1170 1764 tamen,
1213 1687 1286 1751 ut
1336 1678 1693 1751 contendit
1742 1679 1779 1749 J
1794 1713 1807 1749 ·.
1852 1678 1925 1750 S.
1967 1678 2388 1751 Assemanus
2424 1673 2526 1774 (1),
2578 1699 2788 1750 sensu

629 1796 1002 1890 allegorico
1047 1794 1132 1867 de
1178 1816 1410 1890 pugna
1461 1795 1803 1888 spirituali
1856 1795 2305 1889 intelligenda
2352 1803 2493 1879 est;
2553 1815 2789 1867 verum

631 1914 698 1983 in
737 1932 839 1994 ea,
882 1919 1208 2004 quantum
1246 1931 1328 1982 ex
1375 1910 1684 2002 ejusdem
1739 1917 1975 1982 tenore
2027 1911 2359 2005 colligere
2410 1911 2594 1994 licet,
2649 1932 2792 2004 prae

631 2025 853 2100 oculis
890 2024 1093 2096 hahet
1127 2033 1366 2097 auctor
1402 2025 1654 2098 bellum
1706 2047 1746 2096 a
1797 2026 2057 2118 Sapore
2092 2027 2152 2095 ΙΙ
2189 2034 2430 2098 contra
2465 2026 2794 2099 Constan-

631 2142 849 2214 tinum
910 2140 1227 2233 Magnum
1280 2149 1588 2233 paratum
1640 2139 1721 2234 (Ξ)
1771 2148 1841 2212 et
1887 2140 2119 2213 forsan
2171 2140 2311 2233 jam
2374 2142 2745 2235 ineoeptum
2773 2201 2789 2228 ,

632 2267 835 2353 atque
870 2256 1089 2329 amieo
1125 2277 1280 2341 suo,
1322 2265 1395 2329 ut
1428 2258 1725 2330 animum
1780 2257 1843 2329 ei
1896 2257 2124 2342 addat,
2166 2259 2459 2351 probare
2512 2268 2800 2358 conatur

632 2376 979 2446 Romanos
1037 2371 1353 2444 hostibus
1403 2373 1604 2444 facile
1656 2371 2054 2465 superiores
2107 2373 2403 2445 futuros.
2464 2374 2800 2461 Quoniam

632 2511 798 2564 vero
834 2488 997 2583 ipsi,
1039 2496 1275 2581 utpote
1327 2489 1456 2561 sub
1509 2489 1773 2561 ditione
1823 2489 2012 2584 regis
2069 2491 2431 2562 Persarum
2484 2491 2791 2585 degenti,

636 2629 718 2680 ex
770 2604 1066 2678 amicitia
1115 2625 1278 2698 erga
1331 2613 1630 2678 exteram
1694 2615 1968 2699 gentem
2023 2611 2260 2698 aperte
2319 2607 2796 2699 pronunciata,

640 2723 958 2819 quaejam
993 2720 1249 2813 saepius
1284 2722 1841 2814 persecutionum
1896 2722 1964 2792 in
2020 2722 2448 2795 Christianos
2494 2723 2801 2797 decreta-

635 2859 784 2910 rum
821 2857 1025 2908 causa
1060 2837 1438 2920 exstiterat,
1469 2859 1735 2910 summa
1773 2838 1943 2908 mala
1974 2837 2278 2910 timenda
2315 2838 2633 2923 fuissent,
2676 2862 2803 2913 nec

641 2955 993 3046 Saporem,
1065 2972 1194 3023 nec
1262 2953 1610 3026 Romanos
1677 2953 1983 3047 propriis
2053 2953 2447 3026 nominihus
2515 2977 2805 3048 usquam
2876 2975 2879 2978 “

640 3069 964 3162 appellat,
1005 3066 1127 3139 sed
1166 3067 1519 3140 involucro
1556 3068 1929 3162 figurarum
1968 3089 2049 3140 ex
2087 3069 2441 3162 Scriptura
2485 3070 2801 3166 desump-

639 3191 859 3256 tarum
886 3182 1295 3254 sententiam
1325 3204 1515 3254 suam
1543 3183 1958 3268 dissimulat,
1996 3186 2322 3277 Saporem
2351 3185 2480 3257 suh
2511 3186 2807 3281 imagine

643 3298 878 3371 arietis
914 3294 1015 3394 (a),
1057 3299 1402 3370 Romanos
1454 3307 1679 3371 autem
1733 3299 1863 3371 suh
1920 3299 2219 3394 imagine
2271 3309 2530 3394 quartae
2567 3290 2807 3375 bestiae

643 3414 933 3485 visionis
969 3412 1334 3485 Danielicae
1369 3411 1442 3513 (4)
1479 3414 1836 3486 exhibens.

741 3531 1102 3602 Humiliam
1137 3529 1435 3624 denique
1487 3532 1789 3604 omnium
1843 3531 2173 3615 ultimam,
2214 3532 2323 3603 cui
2375 3533 2616 3605 titulus
2657 3559 2671 3602 :
2717 3536 2812 3608 De

640 3650 860 3731 acino,
901 3646 1242 3740 imprimis
1295 3647 1714 3741 exegeticam
1753 3668 1910 3720 esse
1945 3647 2253 3720 ostendit
2291 3649 2440 3741 ipse
2477 3650 2804 3742 scriptor,

642 3761 803 3833 dum
841 3759 1037 3832 initio
1087 3759 1291 3832 finem
1344 3761 1479 3833 sihi
1530 3755 1964 3855 propositum
2016 3762 2316 3833 declarat
2374 3762 2603 3862 verbis
2656 3784 2811 3856 quae

644 3878 709 3947 in
749 3878 1178 3971 paragrapho
1213 3878 1571 3971 superiore
1610 3878 1984 3951 attulimus

711 4121 787 4181 (l)
823 4119 880 4169 B.
908 4115 968 4169 Ο.
997 4118 1040 4178 1,
1064 4130 1119 4184 p.
1145 4119 1265 4172 557.

713 4202 787 4265 (2)
825 4203 903 4254 lta
926 4199 1167 4264 Sassius,
1192 4202 1288 4255 ubi
1313 4214 1497 4269 supra.

714 4287 787 4347 (3)
824 4285 957 4336 han.
984 4285 1122 4351 Vlll,
1147 4288 1199 4338 5.

711 4367 786 4431 (4)
827 4367 955 4420 Dan.
983 4367 1094 4432 vn,
1120 4369 1171 4421 7.
