3175 5084
1206 480 1653 549 -161-

341 688 624 762 semper
658 669 800 741 fere
836 690 992 741 cum
1028 669 1269 743 codice
1307 670 1544 742 saeculi
1583 669 1776 753 V1,·a
1809 668 2154 764 Wrightio
2203 667 2429 741 littera
2462 668 2519 740 Α

342 784 622 876 signato
663 784 1103 857 consentiunt
1113 840 1294 858 ......
1339 785 1474 857 Sed
1512 784 1731 857 codex
1768 784 1884 857 ille
1919 786 2122 858 etiam
2158 806 2320 857 suas
2355 806 2517 879 pro·

345 899 538 991 prias
599 899 833 971 habuit
890 899 1268 984 lectioneS,
1342 922 1496 994 quae
1551 921 2036 994 nonnunquam
2106 900 2519 974 lectionibus

348 1015 558 1086 trium
594 1016 909 1088 codicum
946 1037 983 1089 e
1018 1015 1271 1110 quibus
1306 1017 1581 1112 Wright
1630 1038 1840 1111 opera
1890 1015 2255 1111 Aphraatis
2305 1017 2524 1090 edidit

351 1135 516 1202 sunt
561 1128 1035 1222 praeferendae,
1079 1131 1307 1225 itaque
1355 1131 1570 1203 textui
1625 1141 1864 1204 nostro
1914 1132 2337 1204 emendando
2384 1152 2520 1203 non

353 1264 509 1315 raro
573 1244 976 1318 inserviunt.
1028 1274 1064 1310 »
1136 1246 1332 1319 Unde
1397 1253 1467 1318 et
1514 1242 1978 1319 'doctissimus
2038 1246 2241 1340 hujus
2301 1247 2527 1320 editor

351 1361 725 1456 significat,
767 1363 1003 1436 dolere
1055 1383 1132 1436 se
1185 1363 1399 1458 quod,
1440 1363 1694 1456 linguae
1732 1363 2041 1456 ignarus,
2083 1363 2530 1437 translatione

351 1476 755 1550 Armeniaca
815 1479 900 1550 ad
963 1479 1377 1553 severiorem
1438 1478 1797 1571 archetypi
1861 1478 2361 1551 correctionem
2430 1477 2530 1550 uti

356 1613 497 1664 non
535 1594 837 1686 potuerit
876 1591 979 1689 (1).

531 1868 568 1960 5
622 1870 691 1944 3.
754 1893 835 1942 nr,
888 1891 1175 1943 ssmrlomt
1227 1891 1570 1943 ,turonum
1628 1893 1707 1942 m·
1761 1891 2062 1944 vnusmnn
2113 1892 2354 1944 imm.

461 2087 929 2162 Armeniacum
998 2090 1456 2181 Epistolarum
1529 2089 1894 2184 Aphraatis
1965 2090 2377 2173 versionem,
2452 2089 2538 2161 de

357 2204 560 2298 cujus
611 2204 880 2298 origine
931 2213 999 2277 et
1049 2205 1281 2278 indole
1331 2205 1832 2290 disseruimus,
1898 2206 2084 2300 typis
2131 2205 2537 2298 vulgandam

357 2322 628 2416 primus
665 2321 951 2407 curavit,
995 2323 1250 2397 saeculo
1289 2323 1601 2415 proxime
1640 2324 1863 2416 lapSO,
1908 2322 2288 2395 Cardinalis
2331 2322 2538 2394 Nico-

358 2438 512 2510 laus
569 2436 1004 2523 Antonellus,
1072 2438 1176 2511 vir
1237 2459 1465 2511 rerum
1529 2448 1598 2512 et
1663 2439 2046 2534 linguarum
2108 2437 2540 2510 orientalium

357 2552 864 2645 peritissimus;
897 2553 1228 2646 operique
1265 2575 1391 2625 suo
1422 2554 1603 2625 hunc
1634 2552 1926 2647 praefixit
1953 2552 2222 2625 titulum
2256 2577 2271 2624 ε
2305 2554 2540 2624 Sancti

359 2671 600 2741 Patris
647 2671 864 2741 nostri
904 2671 1158 2754 Jacobi,
1214 2672 1523 2760 Episcopi
1581 2671 1903 2753 Nisibeni,
1958 2670 2331 2753 Sermones,
2382 2689 2538 2740 cum

356 2783 788 2879 praefatione‚
826 2786 1029 2868 notis,
1070 2794 1136 2856 et
1170 2784 1652 2856 dissertatione
1686 2785 1768 2856 de
1801 2786 2046 2856 ascetis
2081 2780 2183 2881 (ε).
2205 2783 2536 2856 volumen

363 2899 562 2984 illud,
603 2908 891 2994 propter
939 2900 1243 2973 auctoris
1296 2921 1546 2974 nomen
1606 2909 1674 2973 et
1725 2900 2104 2973 doctrinam
2156 2898 2385 2993 magni
2434 2899 2534 2970 fa-

361 3015 710 3100 ciendum,
752 3015 953 3087 etiam
1004 3015 1390 3088 eruditione
1425 3015 1741 3101 editoris,
1781 3015 2043 3107 adjecta
2086 3013 2532 3086 translatione

360 3131 630 3217 Latina,
670 3131 962 3225 aliisque
997 3130 1510 3217 additamentis,
1552 3153 1708 3226 quae
1762 3130 1912 3224 ipsa
1964 3128 2327 3223 inscriptio
2364 3129 2535 3200 indi·

363 3252 477 3318 cat
504 3302 521 3330 ,
594 3246 964 3339 plurimum
1034 3246 1573 3318 commendatur.
1652 3246 1753 3319 De
1819 3244 2243 3340 argumentis
2311 3253 2536 3316 tamen

366 3359 621 3453 quibus
674 3361 743 3431 in
806 3361 1139 3453 prooemio
1196 3361 1371 3433 liber
1432 3361 1690 3433 Jacobo
1745 3359 2075 3432 Nisibeno
2122 3358 2532 3445 vindicatur,

365 3474 679 3547 dicemus
715 3474 786 3546 in
820 3475 1109 3548 articulo
1165 3476 1510 3570 sequenti,
1562 3496 1777 3569 eaque
1829 3474 2085 3546 nullius
2120 3493 2278 3547 esse
2313 3473 2535 3566 frugis

367 3591 840 3664 ostendemus,
908 3591 1081 3663 Illud
1143 3591 1418 3663 interim
1488 3590 1897 3674 notandum,
1981 3598 2049 3662 et
2111 3589 2244 3661 alio
2301 3609 2536 3661 errore

368 3704 736 3797 deceptum
777 3725 934 3778 esse
969 3705 1431 3787 Antonellum,
1477 3725 1631 3776 cum
1686 3704 1820 3797 ipsi
1876 3711 2133 3775 tantum
2187 3723 2321 3774 non
2377 3724 2539 3796 per-

370 3842 651 3893 suasum
698 3820 902 3892 fuerit
962 3820 1400 3893 Armeniacus
1453 3842 1626 3914 quas
1672 3819 1915 3892 edebat
1947 3820 2277 3891 Homilias
2312 3819 2542 3912 primi·

373 3937 654 4031 genium
707 3958 866 4010 esse
918 3936 1282 4030 scriptoris
1336 3945 1618 4010 textum.
1683 3936 1842 4006 Haec
1894 3935 2076 4007 enim
2129 3934 2382 4027 promit
2433 3933 2537 4025 (3),

440 4154 516 4216 (ί)
550 4152 658 4205 cfr.
686 4151 942 4220 Wright.,
967 4151 1067 4219 Op.
1095 4153 1210 4215 cit„
1236 4150 1389 4218 praes.
1418 4166 1471 4218 p.
1497 4153 1548 4203 6.

440 4236 515 4299 (2)
551 4236 756 4298 Romae,
783 4234 925 4302 typis
949 4235 1003 4287 S.
1032 4236 1089 4287 C.
1118 4234 1187 4287 de
1212 4234 1562 4301 propaganda
1589 4230 1713 4295 fide,
1736 4245 1784 4285 a.
1810 4234 1956 4286 ¹756.

442 4317 514 4380 (3)
554 4317 653 4381 Op.
678 4317 791 4380 cit„
819 4314 1026 4401 praerat.
1054 4327 1108 4381 p.
1135 4316 1183 4368 9.
2311 4380 2385 4445 13

62 4996 449 5055 ,Qff*-.
470 5052 507 5055 „i
520 5052 531 5055 ι
634 5054 637 5055 ⁷
