3175 5084
1449 516 1522 528 «-
1605 478 1736 545 214·
1811 514 1892 528 --

585 670 888 742 redirent
919 680 989 745 et
1022 671 1105 746 ad
1143 673 1504 752 Dominum
1540 681 2127 746 converterentur.
2170 673 2247 744 Si
2293 673 2473 744 enim
2522 673 2739 765 poeni·

582 787 864 859 tentiam
898 789 1236 883 egissent,
1279 792 1425 862 baec
1460 799 1739 883 accepta
1773 791 2044 872 fuisset,
2088 790 2268 861 sicut
2303 798 2579 880 accepta
2614 789 2743 861 fuit

582 904 945 977 conversio
979 906 1459 992 Ninivitarum,
1510 907 1654 1001 qui,
1709 907 2039 1002 praedicta
2087 906 2223 978 sibi
2258 904 2734 987 subversione,

581 1020 925 1112 publicam
985 1024 1382 1118 peragendo
1441 1024 1938 1119 poenitentiam,
1992 1024 2159 1114 iram
2209 1022 2507 1094 divinam
2565 1042 2602 1092 a
2663 1041 2742 1092 se

583 1147 1006 1225 avertet-unm
1058 1142 1239 1215 sicut
1287 1144 1517 1228 etiam,
1576 1142 1747 1214 inito
1794 1140 2078 1224 foedcre,
2133 1137 2530 1211 Gabaonitis
2580 1158 2739 1229 pro-

587 1254 874 1326 missum
944 1265 1077 1342 est,
1144 1256 1339 1351 ipsos
1391 1279 1527 1331 non
1595 1258 1890 1330 deletum
1944 1256 2028 1332 iri
2081 1275 2234 1327 cum
2298 1251 2733 1333 Chananaeis;

584 1370 880 1464 denique
928 1372 1108 1444 sicut
1155 1374 1386 1445 Rahab
1433 1372 1792 1467 poenitenti
1850 1371 2048 1445 venia
2106 1390 2439 1443 concessa
2492 1376 2600 1441 est
2659 1388 2740 1439 eo

583 1485 769 1579 quod
821 1488 1227 1561 crediderat.
1282 1489 1539 1562 Eodem
1592 1489 1803 1583 igitur
1854 1486 2055 1559 modo
2105 1495 2173 1558 et
2217 1484 2742 1558 Amalecitarum

582 1605 983 1696 poenitentia
1052 1614 1335 1700 accepta
1410 1606 1658 1678 fuisset
1693 1665 1709 1688 ‚
1794 1604 1854 1677 si
1929 1602 2393 1675 credidissent
2466 1627 2480 1673 :
2560 1604 2742 1676 Deus

583 1724 838 1818 quippe
874 1723 1395 1818 quadringentis
1431 1724 1629 1796 annis
1665 1721 1989 1815 patientia
2015 1742 2180 1815 erga
2205 1720 2364 1793 illos
2399 1742 2567 1792 usus
2603 1728 2734 1793 est.

583 1841 720 1913 Sed
775 1841 966 1933 lapso
1028 1848 1174 1911 toto
1235 1840 1368 1912 hoc
1427 1849 1762 1932 tempore,
1821 1859 1974 1910 cum
2035 1836 2328 1909 vidisset
2384 1858 2505 1909 eos
2554 1838 2741 1909 nullo

582 1957 785 2029 modo
835 1957 1167 2040 converti,
1226 1957 1325 2028 ira
1374 1958 1440 2027 in
1490 1957 1649 2029 illos
1696 1956 1975 2041 exarsit,
2043 1954 2582 2048 recordatusque
2636 1962 2745 2025 est

582 2075 1054 2169 praedictionis
1091 2098 1292 2168 quam
1337 2077 1616 2170 Moyses
1666 2075 1735 2146 in
1781 2073 1962 2148 libro
2000 2083 2261 2147 sancto·
2288 2073 2741 2167 consignavit.

584 2192 820 2287 ltaque
886 2200 1250 2286 postquam
1321 2194 1481 2266 Saul
1548 2194 1726 2266 solio
1783 2194 2045 2287 potitus
2108 2202 2254 2274 est,
2321 2191 2493 2263 dixit
2561 2192 2746 2263 Deus

586 2308 883 2380 Samueli
918 2306 996 2403 (1)
1038 2332 1055 2380 z
1096 2311 1250 2381 Hoec
1282 2309 1536 2380 manda
1578 2312 1721 2399 reqi
1761 2336 1780 2380 .·
1820 2310 2094 2380 Memini
2137 2329 2367 2380 eorum
2399 2327 2554 2397 quae
2581 2303 2748 2400 fecit

580 2425 762 2495 vobis
829 2426 1129 2506 Amalec,
1199 2445 1412 2515 quum
1479 2426 1885 2496 exeuntibus
1941 2444 2030 2495 σω
2088 2425 2373 2515 AEqypto
2433 2432 2747 2494 armatus

483 2535 488 2542 ’
582 2541 916 2626 occurrit3
980 2539 1234 2611 idcirco
1292 2560 1476 2610 nunc
1513 2559 1722 2632 perqe
1765 2549 1831 2610 et
1877 2538 2183 2627 interfice
2234 2539 2525 2617 Amalec,
2578 2541 2744 2628 quia

578 2657 903 2745 peccavit.
981 2654 1140 2725 Saul
1211 2653 1423 2747 igitur
1488 2654 1819 2727 adversus
1885 2650 2296 2725 Amalecitas
2369 2653 2737 2745 processit,

584 2791 841 2863 eosque
901 2768 1098 2841 clade
1166 2768 1425 2852 affecit;
1499 2768 1621 2841 sed
1693 2770 1876 2862 quia,
1954 2768 2428 2841 misericordia
2489 2777 2738 2853 motus,

586 2886 992 2980 quibusdam
1065 2905 1298 2957 eorum
1368 2896 1796 2980 pepercerat,
1875 2908 1912 2958 e
1980 2885 2160 2957 solio
2229 2884 2543 2977 dejectus
2607 2894 2739 2958 est.

581 3003 789 3075 Hisce
824 3010 1044 3075 autem
1082 3001 1395 3095 reliquiis
1428 3002 1674 3074 domus
1701 3002 1922 3096 Agag,
1965 3022 2167 3096 quem
2197 3001 2335 3073 vita
2369 2999 2745 3073 donaverat

584 3120 768 3202 Saul,
810 3117 1277 3191 accensendus
1323 3125 1429 3189 est
1466 3117 1716 3200 Aman3
1777 3105 2246 3190 Mardochaeus
2300 3136 2465 3194 vcro
2507 3116 2743 3189 oriun-

578 3235 708 3310 dus
744 3244 889 3308 erat
923 3256 1006 3307 ex
1042 3235 1259 3327 stirpe
1296 3233 1545 3316 Saulis,
1586 3232 1706 3326 qui
1757 3231 2076 3305 familiam
2129 3230 2325 3325 Agag
2375 3252 2617 3325 magna
2654 3252 2739 3303 ex

581 3362 774 3447 parte
812 3352 1173 3423 deleverat.

679 3466 811 3539 Sed
867 3464 1180 3538 homines
1236 3472 1420 3546 sunt,
1472 3463 1852 3547 carissime,
1913 3463 2030 3555 qui
2085 3462 2590 3534 Mar-dochaeum
2634 3484 2743 3534 re-

579 3584 1108 3678 prehendente&
1153 3582 1301 3654 haec
1349 3588 1667 3674 quaerunt
1708 3605 1721 3650 :
1772 3608 1808 3644 «
1843 3575 1988 3651 Cur
2021 3578 2287 3662 Amani,
2329 3579 2448 3672 qui
2485 3579 2553 3649 in
2592 3580 2739 3650 uni-

578 3720 780 3775 verso
825 3719 1040 3794 regno
1094 3696 1460 3791 plurimum
1506 3694 1832 3789 pollebat,
1889 3716 2026 3766 non
2077 3692 2458 3766 assurexit?
2494 3694 2743 3785 ecquid

580 3814 971 3888 detrimenti
1007 3834 1256 3906 passus
1302 3812 1573 3896 fuisset,
1618 3811 1687 3884 si·
1729 3811 1830 3882 illi
1881 3810 2309 3884 exhibuisset
2365 3809 2743 3881 honorem?

553 3927 654 4005 ‘Si
704 3931 882 4004 enim
934 3928 1050 4023 (ita
1094 3937 1392 4022 pergunt
1439 3926 1611 4022 isti),
1652 3925 1892 3998 Amani
1943 3926 2464 4009 assurrexisset,
2507 3934 2745 3998 contna

580 4047 803 4141 ipsum
834 4046 1118 4137 ejusque
1156 4043 1524 4137 populares
1560 4062 1959 4136 perversum
1999 4041 2167 4113 illud
2205 4040 2568 4114 consilium
2606 4063 2742 4113 non

644 4311 715 4374 (t)
754 4310 769 4360 Ι
800 4308 1005 4375 Reyum
1030 4308 1131 4370 XV,
1157 4306 1214 4371 2,
1236 4308 1286 4358 5.
