3175 5084
1208 558 1615 623 ...43-

333 746 725 820 considerat
784 746 950 841 quid
1008 748 1219 841 legat,
1288 743 1595 837 illudque
1654 752 1858 836 prout
1927 742 2261 834 scriptum
2312 742 2497 833 jacet

335 861 687 958 intelligit.
730 861 1083 956 Ejusmodi
1133 859 1497 935 sententiis
1540 858 2049 932 annumeranda
2096 866 2258 930 sunt
2291 860 2497 930 verba

333 1001 483 1072 quae
555 1001 738 1053 nunc
806 978 1238 1058 Fraternitati
1295 985 1431 1049 tuae
1496 975 1943 1049 dubitationis
2003 996 2207 1048 causa
2275 975 2490 1050 fuere.

334 1095 601 1167 Etenim
654 1118 810 1169 cum
860 1096 1168 1168 audisset
1219 1091 1512 1188 Sapiens
1566 1096 1777 1166 Persa
1827 1092 2057 1165 divum
2091 1091 2496 1185 Apostolum

337 1212 617 1284 Paulum
670 1211 1011 1286 dicentem
1078 1235 1095 1284 ε
1150 1213 1543 1283 Seminatur
1602 1231 1844 1300 corpus
1901 1209 2222 1291 animale,
2268 1223 2500 1300 surqet

336 1347 574 1417 eorpus
607 1329 949 1418 spiritale,
989 1326 1128 1399 vim
1165 1348 1243 1399 ac
1280 1347 1561 1399 sensum
1599 1325 1801 1418 hujus
1831 1325 2014 1397 effati
2047 1346 2183 1397 non
2221 1345 2498 1398 assecu-

334 1450 472 1526 tus,
525 1441 688 1515 inde
746 1442 1082 1515 adductus
1143 1451 1251 1515 est
1304 1442 1390 1514 ad
1440 1443 1585 1514 haec
1648 1441 2014 1514 scribenda
2064 1464 2079 1512 ε
2136 1469 2172 1506 «
2218 1440 2503 1529 Quando

337 1559 720 1632 moriuntur
770 1560 1109 1644 homines,
1165 1559 1483 1654 spiritum
1534 1559 1892 1631 animalem
1952 1557 2176 1631 medio
2231 1559 2299 1629 in
2359 1581 2505 1632 cor-

336 1698 503 1769 pore
522 1677 830 1770 sepeliri,
862 1677 1063 1771 eique
1090 1699 1367 1751 sensum
1396 1675 1641 1760 adimi;
1674 1684 1739 1748 at
1763 1676 2091 1770 Spiritum
2121 1676 2499 1760 coelestem,

338 1813 539 1885 quem
574 1800 1007 1885 acceperant,
1048 1792 1235 1865 abire
1270 1792 1353 1863 ad
1392 1799 1697 1863 naturam
1745 1813 1936 1863 suam
1961 1791 2061 1887 'ad
2110 1790 2453 1864 Christum
2484 1817 2499 1873 ;

338 1931 546 2001 porro
606 1917 961 2004 utramque
1024 1931 1166 1982 rem
1233 1908 1432 1982 nobis
1485 1908 1568 1980 ab
1621 1907 1956 2001 Apostolo
2014 1907 2505 1980 manifestatam

340 2045 519 2109 esse,
585 2025 999 2097 hunc-enim
1052 2024 1315 2097 dixisse
1357 2048 1371 2094 ε
1427 2026 1681 2114 Corpus
1734 2025 2131 2095 animaliter
2182 2024 2509 2114 sepelitur

336 2150 399 2211 et
451 2142 917 2230 spiritualiter
976 2150 1308 2229 resurget.
1378 2168 1412 2203 >2
1488 2140 1907 2230 Quamquam
1972 2137 2206 2230 posuit
2271 2145 2509 2210 auctor

340 2263 576 2327 noster
608 2276 847 2328 vocem
896 2257 1224 2345 sepelitur
1259 2255 1414 2326 loco
1451 2254 1644 2326 vocis
1681 2255 2090 2336 seminatur,
2133 2251 2279 2324 sive
2315 2251 2504 2324 codi-

341 2394 482 2445 cem
521 2382 804 2445 secutus
840 2391 1042 2465 quem
1078 2379 1242 2442 tunc
1277 2391 1419 2464 prae
1458 2370 1770 2442 manibus
1806 2369 2112 2453 haberet,
2145 2369 2290 2441 sive
2321 2370 2503 2462 quod

255 2548 262 2557 .
343 2489 565 2560 forsan
596 2487 892 2583 voluerit
921 2488 1071 2580 ipse
1099 2486 1462 2558 lectionem
1488 2493 1746 2557 mutare
1756 2485 1945 2577 juxta
1967 2485 2169 2557 finem
2190 2482 2323 2556 sibi
2355 2506 2510 2578 pro-

342 2606 638 2698 positum
666 2600 766 2700 (t),
790 2613 864 2675 ut
892 2625 1136 2696 nempe
1160 2605 1481 2697 probaret
1504 2603 1823 2696 spiritum
1852 2602 2207 2674 animalem
2233 2603 2506 2692 sepeliri

339 2844 392 2897 in
434 2844 692 2899 versione
734 2842 939 2906 Latina,
986 2849 1385 2909 consequenter
1433 2844 1708 2909 prioribus
1761 2844 2107 2916 aliquatenus
2173 2846 2507 2898 immutanda

340 2933 541 2981 essent.
571 2929 630 2979 ln
657 2928 758 2979 hac
782 2925 949 2993 igitur
971 2927 1260 2993 hypothesi
1284 2926 1464 2981 locum
1491 2933 1814 2994 praesentem
1851 2928 1924 2981 ita
1969 2928 2120 2982 reddi
2157 2941 2320 2995 posse
2355 2936 2509 2995 puta·

340 3010 603 3066 verim
630 3011 818 3076 forsan
838 3011 1064 3063 voluerit
1085 3011 1200 3074 ipse
1223 3010 1501 3063 tectionem
1526 3016 1739 3064 mutare
1758 3012 2136 3064 convenienter
2158 3013 2230 3065 ad
2253 3013 2511 3066 orationis

338 3098 743 3160 «taliamentum,
768 3092 1090 3158 affirmando
1112 3092 1309 3159 seilicet
1333 3093 1551 3156 sepeliri
1571 3093 1833 3155 spiritum
1856 3093 2216 3147 animalem...
2243 3095 2307 3146 At
2350 3094 2508 3156 nihil,

341 3191 457 3232 mea
479 3177 703 3243 quidem
728 3175 1018 3237 sententia,
1048 3182 1098 3228 te
1132 3175 1279 3242 cogit
1320 3180 1383 3228 ut
1421 3175 1564 3241 apud
1593 3175 1914 3243 Wrightium
1957 3181 2011 3228 et
2054 3175 2375 3243 Lagardium
2417 3177 2509 3229 ad·

339 3261 522 3314 mittas
547 3257 800 3312 suffixum
828 3257 1044 3324 generis
1070 3255 1362 3309 foeminini.
1407 3256 1545 3321 Quid
1585 3256 1768 3309 enim?
1808 3259 1997 3310 Nonne
2037 3258 2348 3312 existimare
2390 3258 2513 3312 licet

341 3368 602 3426 punctum
628 3357 781 3422 illud,
806 3356 1002 3412 litterae
1036 3369 1079 3403 σι
1117 3356 1434 3423 impositum
1460 3322 1567 3420 (oi),
1611 3370 1722 3410 non
1765 3357 2112 3411 diuet-itionem
2156 3372 2298 3422 esse,
2325 3360 2422 3412 sed
2446 3360 2515 3411 ad

340 3439 797 3507 interpunctionis
819 3444 1054 3505 systema
1093 3440 1384 3505 pertinere,
1429 3437 1502 3490 ita
1546 3446 1605 3492 ut
1644 3452 1770 3492 cum
1812 3446 2013 3506 puncto
2057 3443 2227 3495 altero
2268 3442 2512 3496 voculam

340 3522 643 3590 excipiente
667 3523 1107 3590 conjungendum
1133 3522 1277 3575 sitet
1294 3521 1456 3577 ambo
1475 3520 1639 3575 simul
1665 3520 1951 3575 efformem
1975 3522 2122 3574 illam
2147 3522 2516 3577 distinctionis

340 3631 523 3678 uotam
561 3636 726 3691 quam
761 3625 879 3691 Syri
914 3609 1107 3688 μδδ,
1148 3637 1242 3678 seu
1285 3626 1645 3689 ειιρινῐονεηι,
1687 3622 1970 3675 nominant
2010 3629 2065 3676 et
2100 3623 2167 3675 ad
2208 3623 2513 3690 apodoseos

341 3709 583 3762 membra
609 3707 945 3774 sejungenda
969 3708 1288 3774 plerumque
1310 3707 1607 3762 adhibent?
1631 3705 1992 3772 Quamobrem
2037 3706 2177 3759 hanc
2216 3719 2378 3772 supra
2422 3720 2511 3759 ex·

342 3791 665 3858 pressimus.
715 3791 920 3844 Exinde
965 3798 1147 3846 autem
1194 3792 1451 3860 colligere
1499 3798 1657 3859 potes
1703 3804 1802 3844 cur
1848 3790 2108 3845 libentius
2152 3790 2506 3844 assentiamur

342 3893 408 3947 cl.
435 3891 644 3957 sassie,
671 3891 803 3946 dum
828 3898 1015 3947 monet
1051 3905 1162 3948 non
1198 3881 1344 3972 σι’-δ,
1387 3893 1444 3945 in
1480 3891 1786 3955 soeminino,
1813 3892 1910 3945 sed
1944 3882 2086 3971 απὸ,
2114 3894 2169 3946 in
2190 3892 2514 3959 masculino,

344 3975 653 4043 legendum.
683 3974 819 4030 Huic
841 3975 989 4029 enim
1015 3977 1305 4031 assertioni
1334 3976 1534 4038 favent,
1578 3981 1776 4041 praetcr
1812 3974 2338 4030 animadversionem
2384 3990 2518 4041 prae·

345 4076 591 4143 missam,
611 4080 724 4128 tum
744 4075 1087 4144 communior
1111 4090 1244 4131 usus
1262 4080 1411 4132 vocis
1433 4066 1611 4138 Las-²,
1651 4089 1773 4141 quae
1813 4077 2119 4144 saepissime
2161 4090 2383 4142 scopum
2423 4089 2520 4130 seu

347 4156 923 4225 finevn‚ar9umentum
942 4171 1071 4213 vero
1085 4160 1305 4214 nonnisi
1326 4174 1449 4216 raro
1473 4158 1889 4229 significat‚tum
1911 4168 2020 4215 tota
2041 4160 2306 4215 orationis
2329 4159 2521 4223 series,

350 4253 466 4306 quae
490 4240 572 4294 sic
598 4241 795 4294 melius
819 4241 925 4294 sihi
951 4248 1202 4297 constare
1234 4244 1466 4309 videtur,
1506 4251 1670 4311 prout
1709 4258 1776 4298 ex
1811 4245 2023 4299 duabus
2066 4243 2520 4311 interpretationi·

349 4323 448 4376 hus
493 4335 634 4390 quas
680 4323 962 4390 proposui,
1012 4324 1153 4378 inter
1197 4339 1258 4379 se
1308 4333 1362 4380 et
1409 4340 1531 4381 cum
1562 4333 1708 4383 textu
1754 4328 2078 4395 primigenio
2104 4328 2340 4387 collatis.
2370 4327 2522 4379 facilc

353 4412 590 4471 apparet.
