3175 5084
1308 444 1758 512 ...203-

443 635 911 707 locutionibus
972 656 1054 706 ex
1120 637 1322 705 Sacra
1384 633 1739 725 Scriptura
1802 634 2182 725 desumptis
2245 633 2602 715 refertam,

443 746 755 842 exempla
792 750 993 822 etiam
1033 758 1101 821 et
1137 759 1534 843 argumenta
1568 769 1652 820 ex
1689 748 1926 820 eodem
1982 749 2170 820 fonte
2208 749 2611 841 deprompta

443 864 702 957 ubique
772 866 1266 958 deprehendet.
1348 865 1629 935 Demum
1667 921 1682 947 ,
1769 863 2034 935 etiamsi
2117 862 2272 956 quis
2341 870 2611 963 putaret

441 982 808 1069 Epistolam
871 981 953 1051 ab
1013 981 1165 1059 aliis
1225 979 1498 1051 dicendi
1561 979 1776 1051 forma
1836 979 2261 1071 aliquatenus
2321 978 2602 1059 distare,

442 1096 611 1187 quid
651 1096 807 1168 inde
835 1097 989 1188 jure
1044 1095 1534 1189 colligendum,
1580 1095 1714 1166 nisi
1767 1095 2002 1187 plures
2055 1094 2268 1165 fuisse
2320 1093 2608 1163 transla-

440 1212 674 1283 tores?
714 1212 909 1298 Quod
947 1219 1197 1295 tamen,
1243 1222 1316 1283 ut
1360 1211 1519 1282 alibi
1569 1211 1706 1302 Jam
1760 1211 2382 1293 animadvertimus,
2429 1210 2611 1280 nulla

440 1348 733 1418 prorsus
771 1328 915 1399 veri
952 1329 1186 1420 specie
1225 1327 1486 1398 nititur.

475 1425 488 1431 ’
549 1444 899 1515 Postremo
940 1444 1093 1514 loco
1132 1443 1266 1515 duo
1305 1442 1525 1513 adhuc
1563 1443 1812 1536 allegat
1865 1442 2090 1513 editor
2143 1442 2487 1512 Romanus
2524 1441 2606 1510 ad

441 1556 836 1648 opinionem
879 1579 1068 1629 suam
1126 1557 1521 1627 firmandam
1568 1582 1581 1627 :
1626 1560 2178 1629 Dissertationem
2215 1559 2368 1628 XIV
2401 1577 2604 1650 syno-

439 1670 660 1743 dicam
714 1694 896 1755 esse,
951 1695 1172 1765 neque
1230 1673 1422 1744 ullibi
1479 1683 1825 1745 auctorem
1882 1673 2272 1766 Episcopali
2330 1692 2607 1742 munere

440 1788 782 1881 insignem
822 1790 1141 1881 prodere.
1187 1788 1273 1859 At
1324 1789 1540 1881 prius,
1586 1811 1739 1860 cum
1793 1789 2254 1861 certissimum
2311 1787 2426 1868 sit,
2471 1809 2606 1858 non

437 1906 666 1976 obstat
699 1907 1064 2000 quominus
1116 1927 1290 1977 unus
1344 1905 1720 1998 Aphraatcs
1755 1908 1965 1977 totius
2019 1906 2265 1999 synodi
2329 1906 2601 1975 nomine

437 2023 803 2110 Epistolam
834 2022 1142 2092 scribere
1179 2023 1503 2114 potuerit,
1541 2043 1825 2114 eamque
1862 2031 1935 2093 ut
1971 2043 2158 2093 suam
2198 2021 2278 2091 ad
2316 2023 2604 2092 amicum

439 2138 595 2208 dein
649 2138 1137 2208 transmittere.
1206 2137 1511 2209 Alterum
1569 2149 1892 2231 quantum
1955 2140 2163 2210 distet
2222 2162 2257 2208 a
2318 2160 2479 2209 vero
2537 2139 2602 2206 in

437 2254 751 2346 opusculi
791 2254 1006 2325 nostri
1050 2263 1243 2344 parte
1280 2254 1306 2321 I
1346 2263 1699 2325 ostensum
1753 2267 1885 2336 est,
1930 2255 2042 2325 ubi
2097 2254 2476 2347 praesertim
2525 2276 2605 2324 ex

434 2371 730 2440 Homilia
764 2372 913 2440 XIV
952 2370 1339 2461 Sapientem
1378 2370 1656 2440 Persam
1701 2371 2120 2442 Praesulibus
2158 2389 2602 2440 annumeran-

437 2485 597 2555 dum
635 2506 792 2556 esse
829 2486 1450 2557 demonstravimus
1487 2482 1587 2580 (1).

537 2602 677 2670 Nec
716 2602 968 2672 desunt
1008 2603 1309 2672 rationes
1347 2603 1661 2692 positivae
1700 2625 1851 2695 quae
1890 2605 2203 2675 evincant
2241 2604 2605 2691 Epistolam

436 2716 607 2788 hanc
669 2717 889 2788 eidem
955 2718 1306 2809 scriptori,
1379 2719 1487 2789 cui
1551 2719 1860 2811 reliquae,
1929 2719 2352 2789 tribuendam
2416 2738 2596 2787 esse.

421 2833 599 2902 ‘Nam
664 2842 732 2903 et
794 2833 1037 2904 ordine
1104 2833 1532 2926 alphabetico
1596 2836 1951 2929 exigitur„
2001 2857 2199 2927 quem
2251 2857 2330 2905 ex
2383 2835 2604 2926 ipsius

435 2948 732 3019 auctoris
772 2949 1198 3041 aliorumque
1250 2951 1647 3022 testimonio
1703 2961 1970 3023 constat
2023 2973 2178 3022 esse
2232 2961 2598 3032 servatum,

433 3073 500 3135 et
570 3087 715 3136 earn
781 3075 1020 3157 postea
1082 3068 1348 3158 pluries
1412 3079 1897 3140 commemorat
1968 3071 2236 3163 sibique
2307 3069 2606 3138 vindicat

431 3178 831 3270 AphraateS.
877 3183 975 3250 Ex
1029 3182 1210 3252 locis
1265 3184 1581 3273 plurimis
1634 3186 1746 3255 ubi
1804 3187 1911 3256 hic
1948 3185 2196 3284 asserit
2233 3206 2307 3255 se
2345 3184 2598 3253 littera-

431 3316 575 3365 rum
634 3296 881 3366 seriem
937 3306 1245 3368 secutum
1300 3320 1455 3370 esse
1504 3322 1717 3391 pauca
1774 3311 2100 3372 annotare
2163 3301 2476 3371 sufficiat.
2546 3297 2601 3368 Α

432 3410 564 3481 fine
592 3415 1102 3484 Dissertationis
1137 3415 1217 3484 de
1245 3419 1658 3503 pastoribus,
1695 3418 1779 3488 de
1810 3421 2119 3489 Homz‘biis
2152 3418 2369 3487 adhuc
2397 3417 2601 3486 editis

430 3530 790 3618 sequentia
815 3540 1194 3602 occurrunt
1231 3530 1305 3625 (⁶2)
1351 3558 1363 3600 :
1412 3563 1445 3596 c<
1485 3535 1729 3604 Decem
1785 3537 1849 3603 hi
1913 3540 2270 3607 Tractatus
2326 3537 2594 3615 breves,

429 3662 603 3731 quos
642 3642 766 3712 tibi
806 3647 1194 3735 composui,
1239 3647 1353 3715 alii
1399 3648 1481 3717 ab
1541 3649 1692 3719 aliis
1747 3651 2054 3740 quaedam
2111 3661 2498 3721 mutuantur
2534 3661 2600 3721 et

427 3756 539 3825 alii
577 3758 731 3827 aliis
769 3759 1186 3842 innituntur;
1250 3764 1388 3832 noli
1448 3785 1567 3834 eos
1628 3765 2048 3857 disjungere.
2111 3765 2213 3837 Ab
2262 3770 2458 3856 olaph
2514 3767 2596 3838 ad

423 3874 570 3955 iud,
613 3875 840 3946 littera
879 3876 1176 3978 litteram
1217 3879 1627 3969 excipiente,
1672 3882 1736 3949 in
1780 3882 2145 3954 scribendo
2182 3903 2599 3982 progressus

493 4144 563 4205 (1)
599 4142 724 4207 Pag.
752 4144 815 4193 87
841 4154 993 4208 seqq.

489 4240 558 4303 (2)
597 4238 735 4293 Edit.
762 4240 1013 4308 Wright.,
1041 4256 1093 4308 p.
1141 4237 1163 4286 ὁ
1211 4271 1223 4284 .
