3175 5084
1310 525 1390 538 ..
1476 487 1605 555 205
1686 523 1768 538 ..-

449 679 971 766 cumcisionem‚
1007 680 1265 771 paseha
1297 686 1370 752 et
1404 677 1587 751 diem
1626 676 1965 750 decimum
2019 681 2331 770 quartum
2387 673 2619 746 consi·

450 796 711 868 dei-avi.
756 796 923 868 Post
956 795 1513 868 Dissertationem
1547 792 1632 865 de
1657 793 2013 883 paschate,
2046 790 2159 884 egi
2196 791 2279 862 de
2311 790 2616 873 sabbato,

453 934 595 1006 quo
630 912 1034 1007 superbiunt
1065 910 1324 995 Judaei;
1367 909 1525 983 dein
1561 908 1924 1003 composui
1972 908 2348 981 orationem
2386 907 2619 997 depre-

452 1031 783 1102 catoriam
844 1029 932 1101 de
990 1025 1551 1101 contentionibus
1612 1047 1766 1118 quae
1826 1032 2022 1097 aetate
2080 1031 2316 1096 nostra
2367 1030 2623 1095 exortae

455 1154 642 1218 sunt.
688 1146 857 1217 Post
910 1145 1083 1216 banc
1135 1142 1540 1225 orationem,
1601 1140 1854 1233 scripsi
1905 1142 1988 1213 de
2035 1141 2409 1223 alimentis,
2468 1157 2621 1232 quae

452 1262 673 1334 Judaei
712 1260 1056 1333 immunda
1091 1260 1373 1341 habent,
1415 1266 1558 1330 tum
1611 1259 1694 1330 de
1741 1258 2076 1349 qentibuS,
2114 1276 2267 1347 quoe
2299 1258 2626 1345 inqreaaae

455 1389 718 1451 suntet
752 1377 1219 1463 hoereditatem
1271 1378 1407 1447 Ioco
1435 1377 1690 1467 prioris
1738 1376 1971 1465 populi
2020 1382 2450 1465 aeceperunt.
2494 1374 2626 1444 De·

456 1496 619 1569 hinc
668 1496 1168 1570 institutionem
1231 1494 1389 1568 dedi
1451 1496 1534 1568 de
1588 1496 1760 1566 Filio
1811 1496 1954 1567 Dei.
2027 1494 2244 1565 Porro
2299 1491 2626 1565 calamum

458 1611 609 1684 acui
647 1624 883 1685 eontra
917 1614 1210 1704 Iudam-5,
1249 1614 1370 1702 qui
1416 1613 1881 1702 virginitatem
1933 1612 2371 1701 blasphemiis
2397 1631 2624 1701 prose-

456 1742 806 1821 quuntur‚·
846 1739 990 1803 tum
1026 1730 1095 1801 id
1132 1730 1332 1803 etiam
1369 1728 1763 1824 impugnavi
1791 1729 1976 1822 quod
1996 1728 2279 1820 jactant,
2311 1732 2628 1818 futurum

457 1868 603 1919 esse
666 1858 745 1919 ut
811 1849 1027 1920 denuo
1086 1856 1598 1939 eonqreqentur.
1669 1846 1916 1918 Postea
1983 1845 2487 1933 beneficentiam
2554 1848 2630 1916 in

455 1983 793 2053 pauperes
853 1961 1344 2035 commendavi.
1420 1960 1727 2033 Subinde
1786 1961 2341 2033 Dissertationem
2401 1961 2484 2033 de
2541 1963 2631 2031 iia

421 2081 580 2168 eui
635 2080 1086 2169 persecutioni
1143 2088 1307 2149 aunt
1364 2079 1660 2161 obnooeii,
1729 2084 1797 2149 et
1860 2076 2161 2149 ultimam
2225 2076 2496 2148 demum
2550 2077 2633 2149 de

460 2207 672 2269 morte
701 2208 766 2269 et
801 2198 1207 2288 temporibus
1261 2198 1646 2268 novissimis
1698 2194 2114 2288 conscripsi.
2151 2236 2244 2248 --
2284 2195 2428 2266 Hos
2477 2196 2630 2266 Ser·

461 2333 685 2384 mones
719 2312 895 2385 duos
931 2320 999 2385 et
1032 2311 1277 2406 viginti
1305 2306 1741 2404 alphabetico
1779 2310 2043 2405 digessi
2073 2309 2340 2382 ordine.
2376 2311 2626 2382 Decem

463 2429 732 2522 priores
778 2428 962 2500 edidi
1017 2449 1194 2500 anno
1251 2427 1752 2500 sexcentesimo
1807 2425 2332 2520 quadragesimo
2390 2434 2629 2498 octavo

465 2544 661 2639 regni
727 2543 1132 2627 Alexandri,
1211 2544 1333 2616 filii
1404 2544 1709 2637 Philippi
1779 2542 2209 2625 Macedonis,
2286 2551 2491 2636 prout
2559 2543 2627 2613 in

469 2680 701 2731 eorum
757 2660 891 2731 fine
946 2666 1250 2731 notatum
1304 2666 1447 2745 est;
1513 2657 1877 2731 duodecim
1930 2666 2152 2730 autem
2207 2658 2629 2750 posteriores

466 2799 640 2851 anno
679 2776 1179 2849 sexcentesimo
1217 2775 1792 2870 quinquagesimo
1846 2774 2086 2867 quinto
2123 2775 2318 2869 regni
2357 2774 2619 2849 Graeco·

464 2914 613 2964 rum
684 2901 753 2966 et
819 2894 1306 2976 Romanorum,
1384 2912 1504 2964 seu
1577 2875 1774 2986 regni
1844 2890 2238 2974 Alexandri,
2317 2899 2386 2964 et
2454 2912 2629 2964 anno

465 3008 822 3102 trigesimo
858 3008 1099 3101 quinto
1135 3007 1325 3101 regis
1361 3008 1725 3080 Persarum
1762 3006 2012 3077 exarati
2050 3006 2265 3078 fuere.
2316 3035 2351 3070 »

564 3124 663 3193 Ex
699 3123 785 3195 iis
830 3144 983 3217 quae
1037 3122 1364 3195 hactenus
1416 3122 1945 3217 disputavimus,
1990 3120 2184 3206 illud,
2228 3129 2421 3215 puto,
2464 3142 2626 3194 con-

468 3240 673 3312 ficere
710 3238 968 3321 licebit,
1013 3238 1256 3309 nihil'a
1291 3260 1631 3330 quoquam
1669 3237 1897 3311 afferri
1942 3258 2154 3329 posse
2206 3259 2342 3329 quo
2396 3246 2632 3309 nostra

466 3375 592 3446 pro
627 3353 871 3446 viginti
905 3352 1110 3426 trium
1137 3355 1595 3443 Epistolarum
1630 3352 2055 3448 genuinitate
2092 3362 2486 3447 argumenta
2520 3352 2630 3425 vel

468 3469 818 3541 minimum
854 3468 1305 3553 infirmentur,
1343 3489 1589 3562 neque,
1626 3468 1809 3562 quod
1844 3468 1927 3539 ad
1966 3469 2138 3540 hanc
2175 3488 2317 3540 rem
2355 3468 2624 3550 attinet,

467 3584 552 3656 de
587 3586 878 3657 Homilia
909 3585 1063 3658 XIV
1095 3584 1313 3678 magis
1350 3606 1550 3676 quam
1603 3584 1688 3657 de
1741 3583 2101 3678 quibusvis
2153 3584 2306 3656 aliis
2359 3583 2626 3658 dubita-

468 3700 637 3771 tioni
676 3702 899 3773 locum
935 3722 1118 3773 esse.

1257 3943 1690 3992 mucul-ns
1735 3944 1834 3990 lv.

798 4087 893 4157 De
942 4086 1118 4179 stylo
1165 4098 1232 4158 et
1281 4106 1519 4176 genere
1568 4086 1842 4159 dicendi
1892 4087 2286 4177 Aphraatis.

576 4272 812 4346 Sermo
850 4270 1195 4366 Syriacus,
1239 4272 1462 4365 qualis
1497 4271 1581 4344 ab
1609 4270 1945 4365 Aphraate
1980 4275 2370 4365 usurpatur,
2404 4268 2628 4341 minus
