3175 5084
1520 499 1976 566 ..322-

671 694 1032 786 diliqebam
1074 692 1396 783 potestati
1445 692 1873 762 inimieorum
1927 688 2074 785 ejus
2126 691 2409 763 tradidi.
2469 693 2634 762 Loco
2684 694 2843 781 ejus

671 811 821 881 avis
867 808 1154 880 discolor
1200 804 1390 901 faeta
1435 817 1535 877 est
1586 808 1758 877 mihi
1810 806 2198 878 haereditas.
2259 806 2474 877 Porro
2524 807 2659 877 hoc
2708 828 2837 879 no-

673 925 855 995 mine
905 922 1307 1016 designatur
1352 920 1664 993 Ecclesia
1698 943 1852 1014 quae
1903 942 1984 993 ex
2037 921 2357 1022 gentibus
2396 929 2463 993 et
2516 921 2837 994 omnibus

674 1040 930 1135 linguis
968 1039 1255 1112 collecta
1289 1047 1421 1113 est.
1464 1039 1567 1110 Ne
1615 1059 1778 1110 vero
1831 1038 2150 1132 ignorare
2202 1037 2437 1130 possis
2481 1038 2759 1110 Judaeos
2798 1061 2838 1110 a

675 1158 819 1229 Deo
867 1177 1028 1229 vere
1074 1154 1447 1227 derelictos
1499 1176 1681 1239 esse,
1723 1154 1879 1226 audi
1929 1164 1996 1228 et
2041 1155 2281 1227 Isaiam
2317 1154 2656 1226 dicentem
2692 1152 2766 1251 (1)
2812 1178 2827 1226 ε

675 1273 1007 1362 Populum
1076 1282 1270 1342 tuum
1292 1327 1308 1353 ‚
1382 1271 1608 1341 Jacobi
1665 1280 1960 1360 posteros
1981 1326 1999 1354 ‚
2074 1269 2459 1341 deseruisti.
2539 1269 2838 1341 Eosdem

676 1394 900 1458 autem
937 1386 1200 1459 vocavit
1236 1385 1611 1479 (Dominus)
1667 1384 2053 1458 Sodomitas
2088 1392 2157 1458 et
2190 1386 2518 1478 populum
2555 1384 2843 1456 Gomor-

677 1502 858 1586 rhae‚
923 1509 1126 1594 atque
1186 1522 1312 1593 pro
1371 1500 1474 1572 eis
1536 1500 1917 1573 introduxit
1974 1509 2258 1594 genteS,
2329 1522 2498 1593 quas
2559 1498 2836 1570 domum

672 1616 910 1694 Jacobi
978 1617 1363 1711 appellavit.
1429 1616 1613 1687 Dixit
1681 1616 1861 1689 enim
1933 1616 2169 1700 IsaiaS‚
2244 1624 2488 1709 gentes
2558 1615 2839 1686 nomine-

674 1735 921 1807 domus
978 1733 1214 1805 Jacobi
1275 1733 1695 1825 compellans
1752 1730 1825 1830 (2)
1881 1757 1897 1803 :
1954 1736 2202 1805 Domus
2251 1734 2510 1815 lambi,
2567 1734 2785 1802 venite
2799 1760 2826 1817 ;

673 1851 1169 1922 ambulabimus
1219 1851 1292 1919 in
1343 1850 1599 1919 lumine
1644 1850 1938 1920 Domini.
1988 1850 2363 1919 Derelietus
2401 1849 2581 1917 enim
2629 1849 2711 1917 ab
2758 1868 2843 1918 eo

668 1966 958 2056 populus
1007 1963 1241 2034 domus
1293 1964 1521 2032 Jacobi
1561 1973 1628 2033 et
1675 1959 1903 2055 faetus
1947 1973 2043 2034 est
2092 1964 2379 2053 populus
2428 1962 2830 2043 Gomorrhoe‚

672 2082 786 2152 eui
823 2088 1134 2169 proesunt
1169 2080 1513 2168 principes
1561 2078 1880 2162 Sodomoe,
1921 2079 2119 2167 eujus
2156 2088 2358 2168 pater
2399 2079 2835 2148 Amori-hiens

559 2204 569 2213 ⁴
671 2205 739 2266 et
784 2205 1004 2265 mater
1056 2194 1354 2276 Gethoea;
1416 2203 1727 2264 mutatus
1772 2203 1873 2264 est
1920 2204 1985 2264 et
2036 2213 2394 2264 conversus
2446 2194 2520 2262 in
2568 2195 2836 2263 vineam

670 2325 1096 2392 extraneam,
1138 2306 1338 2403 eujus
1384 2331 1533 2379 uvae
1578 2319 1646 2379 et
1687 2311 1859 2379 botri
1906 2310 2395 2380 amaritudinis
2422 2309 2610 2398 pleni
2645 2335 2663 2379 :
2701 2309 2839 2396 lilii

669 2427 947 2497 rebelles
970 2482 986 2508 ‚
1054 2434 1408 2516 argentum
1469 2421 1829 2518 abjectum,
1899 2428 2060 2496 vitis
2119 2426 2414 2495 Sodomoe
2474 2434 2541 2494 et
2589 2425 2834 2514 planta

674 2542 1089 2625 Gomorrhae,
1143 2542 1341 2610 vinea
1385 2561 1538 2630 quae
1583 2542 1875 2630 siliquas
1915 2562 2041 2630 pro
2095 2543 2247 2610 uvis
2289 2541 2615 2630 protulit,
2674 2541 2839 2610 vitis

670 2652 866 2749 eujus
913 2676 1137 2725 ramos
1182 2659 1361 2746 ionis
1408 2659 1855 2746 consumpsit,
1919 2659 2020 2728 ita
2070 2667 2147 2727 ut
2195 2657 2379 2725 nulli
2434 2658 2597 2725 usui
2641 2658 2839 2726 utilis

672 2771 777 2840 vel
810 2770 1197 2840 necessaria
1230 2789 1373 2839 esse
1401 2773 1645 2859 possit.
1682 2771 1830 2840 Duo
1867 2769 2106 2862 populi
2142 2768 2256 2840 hic
2293 2768 2567 2840 nomine
2599 2770 2835 2841 Jacobi

671 2884 1012 2979 designati
1050 2893 1234 2970 sunt,
1277 2909 1567 2980 quorum
1619 2889 1789 2959 alter
1840 2888 1908 2956 in
1956 2886 2211 2958 lumine
2248 2887 2518 2958 Domini
2555 2886 2833 2968 incedit,

670 3001 840 3072 alter
910 3000 1281 3073 derelictus
1351 3010 1479 3074 est.
1559 3002 1808 3085 Priori,
1889 3000 2157 3073 sublato
2224 3000 2463 3072 Jacobi
2535 3002 2831 3089 nomine,
2914 3014 2925 3021 “

671 3114 991 3208 imposita
1043 3124 1152 3186 est
1195 3116 1559 3208 appellatio
1614 3116 2006 3210 principum
2058 3115 2408 3197 Sodomae;
2468 3114 2635 3186 illud
2674 3136 2835 3187 vero

674 3251 923 3302 nomen
985 3230 1265 3301 retinuit
1324 3233 1623 3324 populus
1682 3253 1765 3302 ex
1825 3231 2150 3324 gentibus
2213 3229 2570 3301 collectus.
2638 3229 2833 3302 Alius

672 3345 872 3416 etiam
941 3344 1270 3437 propheta
1337 3347 1741 3418 vaticinatus
1813 3354 1920 3418 est-
1989 3346 2136 3417 sore
2199 3353 2272 3415 ut
2342 3354 2613 3437 gentes,
2683 3345 2833 3416 loco

671 3458 911 3550 populi
948 3459 1173 3542 electi,
1214 3459 1524 3532 victimas
1575 3461 1927 3534 offerrent.
1970 3459 2084 3531 Ait
2120 3459 2301 3530 enim
2337 3454 2411 3553 (3)
2454 3482 2468 3528 :
2511 3462 2835 3550 Maqnum

673 3583 774 3643 est
808 3593 1044 3643 nomen
1077 3594 1299 3644 meum
1333 3576 1407 3644 in
1439 3577 1777 3667 ⁴omnbus,
1818 3588 1883 3647 et
1917 3578 1991 3645 in
2025 3577 2206 3645 omni
2252 3575 2387 3644 loeo
2424 3573 2848 3644 adhibent-ur·

673 3692 930 3761 nomini
974 3712 1114 3761 meo
1162 3692 1521 3763 oblationes
1579 3693 1874 3765 mundoe.
1931 3694 2030 3763 De
2089 3692 2347 3765 Israele
2403 3702 2627 3762 autem
2690 3692 2837 3762 haec

668 3807 1137 3898 pronuntiavit
1182 3806 1511 3879 Jeremias
1566 3806 1640 3904 (4)
1700 3833 1714 3877 z
1776 3810 2153 3880 Oblationes
2199 3820 2442 3880 vestrae
2483 3810 2653 3879 mihi
2704 3829 2838 3878 non

940 4029 972 4081 ⁰.
1005 4032 1024 4081 1
1135 4071 1147 4082 .
2652 4048 2672 4069 ⁸

741 4032 815 4176 g}
848 4032 975 4164 1¹22}-
1006 4032 1148 4177 1³23,
1174 4115 1238 4177 63
1263 4113 1330 4166 cf.
1359 4113 1520 4167 etiam
1562 4117 1608 4177 l,
1648 4116 1728 4179 10,
1753 4117 1813 4178 V,
1855 4117 1906 4179 Ξ,
1944 4122 1998 4169 et
2034 4118 2178 4179 xxx,
2216 4118 2276 4180 1;
2316 4114 2378 4170 it.
2423 4116 2606 4171 Ezech.
2654 4118 2777 4177 xvi,
2807 4118 2849 4167 5

555 4196 558 4203 ‘
674 4196 805 4260 ΧΙΧ,
835 4196 923 4260 123
946 4197 1142 4248 serem.
1170 4198 1239 4263 ll,
1266 4198 1351 4261 21,
1374 4200 1462 4262 Vl,
1484 4199 1581 4262 5o;
1611 4199 1899 4255 Deuteron.
1925 4202 2123 4264 xxxii,
2149 4203 2231 4254 52.

743 4278 818 4343 (5)
853 4279 1073 4332 malach.
1104 4279 1147 4342 Ι,
1175 4282 1257 4333 ¹¹.

742 4361 814 4423 (4)
851 4361 1047 4413 Jerem.
1075 4363 1163 4427 vl,
1186 4362 1273 4415 20.
