3175 5084
44 635 54 650 ἱ
39 443 82 601 ‘Vita-⁵·

1478 522 1930 588 -272-

622 714 1085 809 pronuntiavit
1121 713 1452 788 Dominus
1497 723 1738 788 noster
1771 723 2134 810 autequam
2170 718 2784 811 comprehendere-

620 845 756 905 tur*
813 833 1011 913 Dein.
1068 850 1224 904 cum
1276 830 1531 926 pascha
1583 831 2073 905 celebravisset
2133 840 2201 904 et
2261 854 2515 928 corpus
2584 858 2783 908 suum

620 948 955 1021 edendum
990 946 1538 1042 sanguinemque
1588 947 1964 1040 potandum
1999 947 2440 1042 praebuisset,
2481 952 2782 1023 surrexit

616 1073 684 1137 et
720 1085 872 1137 cum
907 1062 1273 1156 discipulis
1310 1084 1387 1136 se
1424 1062 1717 1135 contulit
1749 1063 1834 1136 ad
1870 1062 2096 1136 locum
2133 1064 2203 1135 in
2241 1086 2378 1158 quo
2404 1064 2779 1159 capiendus

616 1193 781 1253 erat.
826 1181 957 1270 Qui
992 1202 1249 1275 corpus
1301 1202 1502 1254 suum
1554 1179 1856 1254 comedit
1908 1190 1975 1252 et
2013 1203 2227 1254 -suum
2281 1181 2454 1253 bibit
2496 1183 2778 1277 sangui·
2848 1191 2854 1200 '

612 1321 764 1369 nem
835 1298 1126 1371 mortuis
1194 1306 1711 1380 annumeratur;
1795 1297 2102 1392 propriis
2171 1307 2394 1371 autem
2463 1299 2777 1372 manibus

616 1416 943 1489 Dominus
979 1425 1243 1496 noster,
1284 1424 1647 1508 antequam
1684 1414 2234 1509 crucifigeretur,
2277 1436 2531 1510 corpus
2576 1439 2775 1489 suum

608 1532 946 1605 edendum
987 1539 1057 1603 et
1108 1530 1512 1625 sanguinem
1566 1529 1940 1602 bibendum
1978 1530 2555 1624 suppeditaverat.
2601 1531 2772 1603 Dein

608 1657 806 1721 nocte
844 1646 1108 1720 decima
1159 1653 1399 1739 quarta
1451 1646 1996 1739 comprehensus
2051 1654 2185 1729 est,
2228 1645 2518 1739 eJ'usque
2569 1667 2772 1718 causa

608 1784 825 1857 usque
876 1763 961 1835 ad
1011 1764 1247 1835 horam
1302 1771 1563 1836 sextam
1616 1782 1847 1835 coram
1891 1761 2247 1853 judicibus
2299 1763 2578 1856 agitata,
2639 1764 2770 1834 hoc

608 1889 913 1973 tempore
947 1879 1438 1952 condemnatus
1492 1888 1559 1951 et
1613 1879 1681 1950 in
1734 1900 2007 1952 crucem
2043 1889 2238 1951 actus
2275 1888 2506 1952 est....
2553 1880 2771 1951 Nocte

604 2021 768 2069 vero
824 2020 958 2091 qua
1009 2006 1299 2069 exeunte
1362 1996 1705 2070 illucescit
1767 1997 2032 2090 primus
2087 1996 2530 2070 hebdomadae
2583 1995 2762 2079 dieS,

604 2113 838 2185 eadem
879 2113 1046 2185 hora
1082 2134 1214 2206 qua
1258 2133 1514 2206 corpus
1569 2134 1768 2184 suum
1821 2119 1890 2184 et
1943 2112 2348 2207 sanguinem
2402 2110 2766 2204 discipulis

604 2229 909 2312 dederat,
980 2228 1357 2300 resurrexit
1423 2250 1463 2299 a
1532 2227 1822 2300 mortuis
1834 2283 1984 2300 .....
2049 2228 2308 2300 Pascha
2371 2227 2764 2299 ludaeorum

600 2345 752 2417 dies
803 2355 911 2419 est
961 2344 1226 2417 decima
1277 2352 1540 2439 quarta,
1603 2354 2011 2438 noctemque
2064 2354 2132 2418 et
2184 2345 2365 2416 diem
2419 2345 2761 2437 complec-

604 2465 799 2547 titum
859 2463 973 2534 illa
1007 2471 1230 2535 autem
1266 2482 1674 2556 parasceves
1711 2461 1888 2546 dies,
1933 2484 2063 2556 qua
2104 2461 2447 2534 Christum
2485 2483 2762 2555 passum

600 2601 756 2653 essse
789 2580 1108 2671 dicimus,
1145 2579 1296 2651 dies
1332 2578 1458 2651 fuit
1496 2579 1762 2652 decima
1797 2580 2059 2673 quinta,
2105 2582 2265 2652 item
2312 2588 2513 2653 nocte
2551 2590 2618 2653 et
2654 2581 2765 2652 die

600 2698 1109 2789 conjunctis...
1142 2697 1364 2770 Judaei
1391 2706 1672 2791 peccata
1709 2719 1832 2770 sua
1855 2697 2153 2792 singulis
2183 2698 2381 2771 annis
2418 2700 2756 2782 recolunt;

600 2837 724 2885 nos
779 2813 1170 2886 memoriam
1225 2812 1652 2886 celebramus
1707 2812 2176 2886 crucifixionis
2230 2821 2297 2885 et
2348 2813 2758 2906 opprobrio-

596 2953 744 3001 rum
797 2928 1168 3002 Salvatoris
1231 2927 1476 3000 nostri.
1540 2929 1648 2999 Illi
1708 2929 1888 3001 enim
1949 2928 2298 3022 paschatis
2362 2936 2668 3021 tempore
2721 2949 2759 3000 e

596 3045 923 3117 aewitute
990 3040 1365 3115 Pharaonis
1434 3042 1654 3136 erepti
1716 3053 1900 3126 sunt,
1971 3052 2041 3114 et
2108 3042 2221 3114 die
2289 3040 2759 3114 crucifixionis

596 3157 861 3231 liberati
928 3178 1167 3231 sumus
1236 3178 1366 3230 nos
1433 3179 1472 3229 a
1532 3157 1706 3253 jugo
1777 3159 2080 3250 Satanae3
2155 3157 2591 3237 immolarunt
2659 3157 2758 3228 illi

592 3293 841 3365 agnum
876 3282 1221 3367 sumptum
1257 3294 1295 3345 e
1329 3293 1545 3368 grege
1598 3274 1850 3364 ovium,
1888 3273 2174 3368 ejusque
2228 3274 2563 3370 sanguine
2615 3294 2756 3344 ser·

592 3389 724 3461 vati
764 3397 922 3461 sunt
955 3388 1039 3460 ab
1074 3389 1319 3482 angelo
1357 3388 1915 3474 exterminatore,
1959 3397 2028 3462 et
2056 3403 2189 3460 nos
2226 3389 2563 3483 sanguine
2597 3386 2752 3458 Filii

592 3505 789 3577 electi
841 3506 1190 3579 exonerati
1243 3506 1495 3578 suimus
1548 3506 1878 3600 operibus
1931 3506 2344 3601 perditionis
2380 3528 2534 3601 quae
2569 3505 2750 3579 fece-

591 3645 850 3707 ramum
909 3624 1047 3697 illis
1079 3623 1447 3717 praefectus
1499 3629 1646 3696 erat
1697 3626 2001 3718 MoyseS‚
2043 3634 2112 3695 et
2148 3624 2351 3696 nobis
2385 3624 2590 3696 Jesus
2626 3622 2754 3695 fuit

588 3741 732 3809 Dux
772 3747 838 3809 et
874 3738 1214 3822 Salvator;
1272 3741 1548 3833 Moyses
1602 3760 1831 3812 coram
1887 3739 2026 3811 illis
2073 3739 2310 3812 divisit
2343 3761 2552 3824 mare,
2595 3761 2745 3811 eos-

588 3877 720 3949 que
778 3855 1069 3947 trajecit,
1137 3866 1206 3928 et
1265 3856 1686 3948 Redemptor
1747 3864 1983 3927 noster
2049 3855 2390 3928 infernum
2451 3857 2743 3949 aperuit,

584 3973 942 4065 portisque
977 3971 1371 4058 confractiS‚
1409 3993 1544 4044 non
1583 3973 1807 4044 solum
1852 3972 2107 4044 aditum
2153 3973 2288 4043 sibi
2325 3973 2645 4065 patefecit
2680 3983 2748 4045 et

584 4089 668 4161 acl
728 4089 1052 4162 interiora
1113 4089 1246 4161 loci
1306 4089 1715 4182 penetravit,
1782 4089 1907 4162 sed
1974 4089 2227 4160 exitum
2296 4090 2592 4183 praebuit
2659 4089 2744 4161 iis

580 4204 899 4277 omnibus
934 4204 1052 4298 qui
1090 4203 1158 4274 in
1195 4204 1423 4297 ipsum
1457 4202 1785 4288 credunt;
1849 4204 1951 4275 illi
1998 4224 2244 4275 manna
2285 4194 2514 4277 cibum
2549 4225 2742 4276 acce-

580 4329 863 4414 perunt,
942 4321 1143 4393 nobis
1210 4329 1433 4393 autem
1506 4320 1838 4393 Dominus
1912 4330 2149 4392 noster
2219 4341 2472 4415 corpus
2544 4342 2738 4393 suum

2785 4973 2791 4988 ἲ
2891 4993 2913 5006 Q

2797 5010 2804 5019 ⁴
2865 4999 3039 5042 *ma-u..
3083 5037 3092 5042 .
