3175 5084
1400 505 1527 572 357
1615 543 1694 553 -

1424 755 1533 821 vl.

500 945 738 1036 Inepta
788 951 948 1015 sunt
1000 965 1154 1036 quae
1202 943 1538 1016 increduli
1595 964 1678 1015 ex
1723 964 1949 1016 rerum
1989 948 2313 1016 essentiis
2353 960 2417 1016 et
2457 968 2573 1020 ns·-

400 1067 572 1131 turae
631 1059 903 1152 legibus
950 1059 1059 1132 vel
1111 1080 1194 1132 ex
1242 1059 1495 1132 divinis
1546 1060 2089 1153 perfectionibus
2141 1060 2453 1144 efferunt,
2498 1076 2574 1136 ot

401 1174 883 1247 miraculorum
931 1177 1453 1266 possibilitatem
1528 1177 1973 1270 impugneot;
2049 1200 2173 1248 neo
2245 1180 2574 1248 validiore

392 1288 546 1382 jure
584 1288 841 1362 dixeris
878 1312 1031 1383 quae
1066 1299 1305 1363 contra
1341 1291 1738 1364 eorumdem
1784 1291 2117 1364 foetorum
2177 1296 2574 1380 esposse-ibi-

401 1408 665 1478 litatem
699 1407 1075 1478 obtrudunt
1110 1416 1357 1480 emotae
1395 1407 1643 1480 mentis
1680 1408 2021 1480 homines.

1420 1663 1550 1730 vll.

502 1855 812 1929 Divinam
863 1855 1121 1928 Christi
1176 1855 1576 1929 missionem
1618 1856 2033 1947 patefsoiunt
2069 1856 2385 1928 vstioinis
2425 1860 2574 1948 plu-

402 1970 598 2055 rima,
643 1992 822 2062 quae,
866 1970 935 2040 in
995 1969 1190 2042 libris
1225 1971 1305 2042 V.
1350 1971 1428 2041 T.
1487 1970 1917 2063 consignate,
1977 1972 2181 2040 futuri
2233 1972 2574 2060 Redemp-

402 2087 578 2158 toris
615 2085 841 2169 doteS,
875 2085 1031 2177 jura
1080 2094 1148 2157 et
1200 2084 1451 2168 officia,
1495 2085 1796 2178 itemque
1833 2084 2017 2156 veris
2053 2096 2273 2168 ortos*
2317 2088 2469 2156 sitis
2510 2096 2578 2156 et

379 2201 648 2274 ‚mortis
675 2200 823 2291 ejus
852 2200 1168 2291 adjuncta
1194 2206 1829 2293 praemonstrarunt.
1873 2204 2033 2272 Hreo
2065 2223 2225 2272 sero
2253 2200 2578 2272 vetieiois

404 2315 680 2390 nonnisi
732 2315 1028 2387 absurde
1083 2315 1551 2387 Rationalistae
1611 2323 1929 2409 tanquam
1989 2324 2145 2388 vote
2209 2336 2389 2388 mere
2453 2316 2574 2384 bn-

404 2453 621 2516 mana,
656 2451 738 2502 ex
776 2429 1237 2523 praesentibus
1272 2437 1658 2521 temporum
1695 2432 2033 2522 angustiis
2065 2440 2257 2500 eosls
2285 2440 2353 2500 et
2381 2452 2574 2520 spem

403 2546 622 2620 aetatis
648 2544 981 2617 felicioris
1007 2544 1267 2617 Judaeis
1305 2543 1648 2637 quondam
1688 2544 2061 2615 oborituras
2093 2544 2566 2636 exprimentia,

404 2661 793 2732 traducunt.

1408 2821 1573 2888 vul.

503 3010 605 3080 Ad
643 3010 965 3081 Messiam
1012 3010 1312 3081 futurum
1368 3018 1684 3110 spectant
1734 3012 2233 3102 promissiones
2281 3012 2570 3080 patriar-

406 3127 557 3199 chis
600 3125 888 3198 Abrahae
934 3122 1189 3222 (Ganos,
1234 3127 1387 3211 XII,
1431 3124 1503 3209 2,
1548 3125 1632 3209 3;
1686 3127 1921 3208 XVllL
1969 3124 2101 3208 183
2173 3128 2385 3208 XXII,
2453 3124 2578 3192 1ss-

406 3239 547 3336 18),
589 3243 776 3314 Isaac
812 3241 1071 3334 (Genes,
1104 3242 1344 3325 XXVI,
1385 3238 1451 3337 4)
1491 3250 1559 3312 et
1592 3241 1804 3312 Jacob
1833 3240 2089 3332 (Gseesi
2125 3240 2425 3320 xxviii,
2465 3236 2578 3332 14)

406 3358 579 3430 datae
613 3358 698 3430 de
735 3355 1215 3427 benedictione
1259 3356 1326 3426 in
1364 3356 1539 3449 ipsis
1578 3366 1646 3428 et
1700 3357 1767 3426 in
1823 3377 2057 3428 eorum
2113 3356 2373 3428 semiue
2429 3356 2578 3424 oni-

406 3472 626 3546 versis
664 3470 988 3565 gentibus
1026 3469 1423 3543 obventura.

1441 3731 1545 3798 [X.

505 3924 777 3995 Psalmo
848 3923 907 3992 11
969 3921 1414 4015 praenuntiari
1471 3920 1671 4014 regni
1738 3921 1993 3994 Christi
2061 3944 2181 3992 seu
2245 3924 2574 3996 Eeolesise

406 4037 644 4109 miram
679 4056 804 4131 per
840 4055 1078 4109 omnes
1115 4035 1306 4107 orbis
1342 4037 1583 4129 plagas
1621 4033 2061 4108 diffusionem
2097 4044 2301 4128 etque
2337 4036 2574 4108 inson-

407 4175 679 4227 cussam
708 4152 1148 4226 stabilitatem
1176 4152 1602 4246 argumentis
1620 4161 1760 4224 tum
1788 4152 2077 4224 internis
2109 4160 2249 4224 tum
2277 4152 2578 4224 externis

408 4278 667 4343 certum
704 4276 835 4341 est.
