3175 5084
1503 475 1951 541 ..303-

627 666 887 739 tionem
939 663 1184 756 injicit,
1239 665 1350 736 vel
1409 663 1681 735 duobus
1741 663 2138 735 nominibus
2199 662 2373 735 nihil
2432 663 2571 737 nisi
2629 663 2808 738 duos

628 780 938 873 ejusdem
974 778 1296 851 elementi
1353 777 1606 850 interni
1641 787 1860 850 status
1903 777 2222 871 designat
2255 774 2360 875 (ι),
2394 779 2503 849 vel
2539 779 2805 853 theolo-

627 897 783 991 gice
861 895 1262 968 considerat
1314 894 1645 986 Spiritum
1709 894 2032 964 Sanctum
2085 892 2611 979 inhabitantem,
2667 915 2805 989 quo

624 1009 991 1082 recedente
1034 1029 1162 1101 per
1213 1015 1597 1101 peccatum,
1641 1016 1947 1081 remanet
1980 1012 2167 1100 ψυχή,
2217 1007 2438 1080 anima
2500 1009 2795 1095 scilicet,

624 1135 701 1198 ut
736 1127 853 1210 ait,
895 1126 1393 1219 refrigescens,

723 1242 958 1335 Itaque
998 1241 1333 1333 exemplis
1370 1239 1687 1312 adductis
1740 1239 1810 1310 id
1866 1239 2032 1310 mihi
2067 1239 2340 1313 videtur
2374 1240 2599 1314 solide
2633 1262 2800 1314 con-

624 1356 992 1439 firmatum,
1035 1354 1221 1448 quod
1262 1353 1728 1437 intendebam,
1768 1353 2088 1425 nimirum
2141 1375 2179 1425 a
2232 1354 2555 1447 Sapiente
2590 1357 2803 1429 Persa

621 1470 865 1542 animae
901 1471 1211 1541 humanae
1247 1468 1579 1540 unitatem
1620 1469 1808 1540 nullo
1846 1469 2051 1540 modo
2088 1469 2351 1562 negari,
2394 1469 2543 1561 ejus
2578 1478 2802 1544 autem

621 1583 973 1655 scribendi
1011 1592 1079 1654 et
1115 1582 1506 1655 disserendi
1555 1582 1831 1654 modum
1888 1582 1989 1654 illi
2043 1582 2239 1656 valde
2289 1584 2559 1657 affinem
2612 1606 2795 1670 esse,

623 1719 760 1791 quo
797 1699 1033 1790 plures
1067 1718 1151 1769 ex
1187 1697 1493 1790 antiquis
1529 1697 1848 1769 Patribus
1881 1696 1993 1768 usi
2027 1706 2216 1769 sunt.

725 1813 965 1905 Neque
1002 1812 1231 1884 minus
1269 1812 1649 1883 indubitata
1699 1821 1808 1883 est
1856 1810 2183 1904 Aphraati
2237 1813 2478 1886 animae
2523 1814 2803 1887 immor-

620 1948 872 2031 talitaS,
931 1969 1133 2040 quam
1189 1946 1544 2039 expressis
1598 1945 1827 2017 verbis
1883 1945 2250 2017 confitetur
2283 1943 2418 2044 (a):
2476 1939 2799 2052 Ιςδαξαρ

619 2093 969 2185 Lai-almo?
1028 2149 1043 2167 .
1101 2092 1435 2174 'Aa-1422
1501 2091 1736 2183 Luca:
1799 2089 2180 2234 φῖδιὰδο
2232 2149 2245 2165 .
2308 2091 2551 2204 [⁴5:³59
2626 2122 2789 2210 ἡ

625 2303 643 2321 .
742 2237 982 2327 <ri-ml
1075 2261 1280 2321 ..σοι
1374 2246 1689 2328 ladam
1779 2240 1923 2330 uo?
1976 2299 1994 2320 .
2076 2245 2225 2330 hal
2311 2274 2492 2340 με)
2580 2275 2801 2368 απαξ

624 2379 843 2470 Hujus
892 2386 1119 2449 tamen
1175 2378 1401 2489 minus
1455 2384 1837 2449 accuratam
1889 2377 2241 2449 notionem
2296 2376 2558 2464 habuit,
2616 2380 2799 2472 quod

625 2502 894 2587 spectat
927 2495 1009 2564 ad
1050 2502 1321 2586 tempus
1359 2514 1397 2564 a
1433 2501 1654 2565 morte
1689 2493 1772 2564 ad
1810 2513 2178 2585 corporum
2223 2494 2800 2567 resurrectionem

626 2609 1091 2694 intercedenS,
1134 2610 1476 2702 siquidem
1513 2609 1775 2694 docuit,
1821 2609 2097 2681 homine
2148 2610 2472 2683 defuncto
2522 2619 2593 2683 et
2644 2612 2802 2705 Spi-

626 2725 758 2795 ritu
796 2724 1061 2796 coelesti
1106 2723 1191 2796 ad
1241 2723 1587 2796 Christum
1626 2742 1937 2807 reverse,
1980 2723 2298 2817 spiritum
2335 2725 2695 2797 animalem
2728 2724 2798 2796 in

624 2862 919 2933 corpore
972 2842 1316 2934 sepultum
1380 2860 1458 2912 ac
1520 2840 1948 2913 conscientia
1998 2839 2106 2912 sui
2157 2840 2498 2933 privatum
2535 2840 2797 2932 jacere,

687 3101 761 3161 (t)
799 3095 1224 3164 Explicationem
1252 3097 1393 3149 hanc
1415 3102 1607 3150 auctor
1639 3096 1758 3162 ipse
1792 3096 2140 3163 suppedidat,
2169 3098 2247 3150 De
2283 3098 2580 3164 principiis
2604 3098 2698 3151 lib.
2729 3058 2797 3161 ii,

619 3194 739 3246 cap.
777 3182 831 3242 8,
857 3191 1009 3232 num.
1036 3180 1070 3229 ὅ
1107 3178 1328 3244 (migne,
1367 3177 1573 3230 Patrot.
1617 3178 1716 3232 Gr.
1760 3184 1801 3232 t.
1842 3181 1932 3241 xi,
1957 3178 2062 3232 col.
2105 3179 2200 3232 221
2240 3183 2441 3246 seqq.).
2484 3179 2796 3234 Doctrinam

618 3269 802 3315 autem
847 3259 922 3313 ibi
968 3258 1273 3325 expositam
1322 3258 1402 3311 sic
1447 3258 1687 3312 breviter
1733 3257 1954 3313 exhibet
1999 3259 2204 3323 Stockt,
2247 3272 2335 3325 op.
2375 3261 2492 3324 cit„
2533 3276 2589 3327 p.
2634 3263 2735 3314 306
2777 3279 2790 3314 :

618 3376 648 3404 «ι
686 3355 947 3420 Origenes
993 3349 1398 3404 unterscheidet
1445 3364 1589 3403 zwar
1636 3350 1942 3418 gleichsans
1990 3352 2262 3406 zwischen
2298 3355 2409 3406 νοῦς
2446 3353 2557 3406 und
2591 3345 2798 3424 ψυχείς

620 3446 752 3499 aber
791 3444 889 3495 der
922 3441 1276 3495 unterschied
1313 3440 1412 3509 gut
1452 3441 1562 3493 ihm
1603 3454 1708 3494 nur
1758 3442 1840 3494 als
1880 3442 1968 3496 ein
2003 3443 2553 3511 beziehungsweiser,
2593 3445 2707 3497 und
2738 3458 2800 3499 er

537 3561 544 3566 -
618 3528 822 3582 erklart
852 3524 1150 3578 densethen
1185 3524 1284 3577 auf
1312 3524 1775 3592 cigenthiimliche
1798 3525 2006 3578 Weise.
2052 3525 2303 3579 lusosern
2346 3526 2587 3581 namlich
2618 3527 2674 3580 in
2698 3528 2798 3582 der

619 3617 996 3686 griechischen
1032 3616 1270 3682 Sprache
1306 3614 1409 3668 mit
1447 3615 1573 3668 dem
1597 3617 1781 3670 worte
1814 3607 1987 3685 ψυχή
2020 3615 2139 3669 sich
2171 3616 2269 3670 der
2295 3615 2497 3684 Begriff
2524 3617 2622 3670 der
2646 3616 2798 3674 Kane

616 3713 921 3776 verbindet,
948 3713 1118 3766 meint
1141 3712 1421 3781 Origenes,
1446 3712 1587 3765 auch
1613 3711 1712 3766 der
1737 3712 1894 3768 Geist
1922 3709 2076 3784 (νοῦς)
2103 3712 2183 3767 sei
2208 3711 2452 3768 dadurch
2477 3728 2573 3767 zur
2595 3707 2792 3785 ψοχέ,

617 3806 672 3860 d.
702 3806 737 3861 i.
765 3818 889 3859 zum
933 3804 1359 3872 Lebensprincip
1398 3804 1496 3859 der
1536 3805 1728 3859 Leibes
1768 3805 2082 3873 geworden,
2125 3805 2255 3859 dass
2298 3820 2360 3862 cr
2400 3806 2459 3859 iu
2497 3806 2597 3860 der
2634 3807 2796 3862 Liebe

616 3890 805 3941 Gottes
844 3887 1073 3940 erkaltet
1107 3885 1206 3939 sei.
1252 3886 1482 3940 Deshatb
1528 3887 1611 3939 sei
1651 3899 1714 3941 es
1752 3887 1900 3940 deun
1939 3889 2080 3942 auch
2124 3888 2279 3943 scine
2318 3888 2585 3958 Ausgabe,
2624 3890 2794 3944 durch

617 3969 1022 4023 Fortschreiten
1059 3968 1115 4021 in
1154 3967 1252 4021 der
1295 3969 1458 4022 Liebe
1495 3971 1684 4024 Gottes
1726 3968 1844 4023 sich
1883 3969 2065 4025 dieser
2100 3971 2284 4026 seiner
2315 3971 2682 4040 Eigenschaft,
2706 3972 2798 4028 die
2884 3975 2891 3981 '

617 4050 728 4103 ihm
755 4050 897 4105 doch
920 4048 1369 4104 widernatiirlich
1396 4050 1487 4117 ist,
1514 4065 1581 4105 zu
1606 4051 1940 4118 cntklciden,
1972 4067 2063 4107 um
2088 4065 2178 4107 am
2221 4053 2372 4109 Ende
2412 4053 2619 4109 wieder
2656 4066 2796 4124 ganz

616 4132 771 4186 Geist
795 4147 862 4187 zu
884 4131 1125 4187 werden.
1147 4148 1180 4179 n

683 4233 756 4295 (Ξ)
793 4231 1047 4299 Ἦήςὴῑ.,
1073 4245 1126 4299 p.
1165 4244 1307 4280 ota-o
1347 4260 1363 4275 ·
