<?xml version="1.0" encoding="UTF-8"?>
<!DOCTYPE html PUBLIC "-//W3C//DTD XHTML 1.0 Transitional//EN"
    "http://www.w3.org/TR/xhtml1/DTD/xhtml1-transitional.dtd">
<html xmlns="http://www.w3.org/1999/xhtml" xml:lang="en" lang="en">
 <head>
  <title>
</title>
<meta http-equiv="Content-Type" content="text/html;charset=utf-8" />
  <meta name='ocr-system' content='tesseract 3.04.00' />
  <meta name='ocr-capabilities' content='ocr_page ocr_carea ocr_par ocr_line ocrx_word'/>
</head>
<body>
  <div class='ocr_page' id='page_1' title='image "./devitaetscripti00forggoog_0255.png"; bbox 0 0 3175 5084; ppageno 0'>
   <div class='ocr_carea' id='block_1_1' title="bbox 1286 465 1740 532">
    <p class='ocr_par' dir='ltr' id='par_1_1' title="bbox 1286 465 1740 532">
     <span class='ocr_line' id='line_1_1' title="bbox 1286 465 1740 532; baseline -0.013 -18"><span class='ocrx_word' id='word_1_1' title='bbox 1286 465 1740 532; x_wconf 71' lang='lat'><strong>...233-</strong></span> 
     </span>
    </p>
   </div>
   <div class='ocr_carea' id='block_1_2' title="bbox 346 655 2597 4005">
    <p class='ocr_par' dir='ltr' id='par_1_2' title="bbox 346 655 2597 3657">
     <span class='ocr_line' id='line_1_2' title="bbox 528 655 2597 749; baseline 0.002 -21"><span class='ocrx_word' id='word_1_2' title='bbox 528 658 948 730; x_wconf 78' lang='lat' dir='ltr'><strong>Peculiarem</strong></span> <span class='ocrx_word' id='word_1_3' title='bbox 985 656 1408 749; x_wconf 88' lang='lat' dir='ltr'><strong>conscripsit</strong></span> <span class='ocrx_word' id='word_1_4' title='bbox 1460 655 1750 749; x_wconf 78' lang='lat' dir='ltr'>Sapiens</span> <span class='ocrx_word' id='word_1_5' title='bbox 1786 658 1995 730; x_wconf 88' lang='lat' dir='ltr'><strong>Persa</strong></span> <span class='ocrx_word' id='word_1_6' title='bbox 2044 660 2597 733; x_wconf 51' lang='lat' dir='ltr'><strong>Dicitur-tationem</strong></span> 
     </span>
     <span class='ocr_line' id='line_1_3' title="bbox 428 772 2588 868; baseline -0.001 -19"><span class='ocrx_word' id='word_1_7' title='bbox 428 777 510 849; x_wconf 74' lang='lat' dir='ltr'><strong>de</strong></span> <span class='ocrx_word' id='word_1_8' title='bbox 537 776 802 848; x_wconf 77' lang='lat' dir='ltr'><strong>Christo</strong></span> <span class='ocrx_word' id='word_1_9' title='bbox 834 775 957 845; x_wconf 72' lang='lat' dir='ltr'><strong>Dei</strong></span> <span class='ocrx_word' id='word_1_10' title='bbox 989 774 1181 845; x_wconf 83' lang='lat' dir='ltr'><strong>Filio.</strong></span> <span class='ocrx_word' id='word_1_11' title='bbox 1227 772 1316 843; x_wconf 80' lang='lat' dir='ltr'><strong>ln&#39;</strong></span> <span class='ocrx_word' id='word_1_12' title='bbox 1339 793 1499 868; x_wconf 85' lang='lat' dir='ltr'><strong>qua,</strong></span> <span class='ocrx_word' id='word_1_13' title='bbox 1541 773 1704 846; x_wconf 91' lang='lat' dir='ltr'><strong>licet</strong></span> <span class='ocrx_word' id='word_1_14' title='bbox 1738 772 1821 844; x_wconf 84' lang='lat' dir='ltr'><strong>ad</strong></span> <span class='ocrx_word' id='word_1_15' title='bbox 1859 774 2228 858; x_wconf 88' lang='lat' dir='ltr'><strong>hominem,</strong></span> <span class='ocrx_word' id='word_1_16' title='bbox 2265 782 2338 847; x_wconf 89' lang='lat' dir='ltr'><strong>ut</strong></span> <span class='ocrx_word' id='word_1_17' title='bbox 2372 774 2588 862; x_wconf 90' lang='lat' dir='ltr'><strong>aiunt,</strong></span> 
     </span>
     <span class='ocr_line' id='line_1_4' title="bbox 427 887 2592 986; baseline 0.001 -22"><span class='ocrx_word' id='word_1_18' title='bbox 427 900 663 966; x_wconf 88' lang='lat' dir='ltr'><strong>contra</strong></span> <span class='ocrx_word' id='word_1_19' title='bbox 698 890 982 964; x_wconf 82' lang='lat' dir='ltr'><strong>Judaeos</strong></span> <span class='ocrx_word' id='word_1_20' title='bbox 1017 896 1284 984; x_wconf 79' lang='lat' dir='ltr'><strong>arguat,</strong></span> <span class='ocrx_word' id='word_1_21' title='bbox 1326 887 1623 983; x_wconf 91' lang='lat' dir='ltr'><strong>ideoque</strong></span> <span class='ocrx_word' id='word_1_22' title='bbox 1659 910 1797 962; x_wconf 91' lang='lat' dir='ltr'><strong>non</strong></span> <span class='ocrx_word' id='word_1_23' title='bbox 1833 897 1970 963; x_wconf 81' lang='lat' dir='ltr'><strong>tam</strong></span> <span class='ocrx_word' id='word_1_24' title='bbox 2006 889 2093 964; x_wconf 93' lang='lat' dir='ltr'><strong>de</strong></span> <span class='ocrx_word' id='word_1_25' title='bbox 2140 889 2292 985; x_wconf 89' lang='lat' dir='ltr'><strong>ipsa</strong></span> <span class='ocrx_word' id='word_1_26' title='bbox 2325 911 2401 963; x_wconf 89' lang='lat' dir='ltr'><strong>re</strong></span> <span class='ocrx_word' id='word_1_27' title='bbox 2434 901 2592 986; x_wconf 82' lang='lat' dir='ltr'><strong>agat</strong></span> 
     </span>
     <span class='ocr_line' id='line_1_5' title="bbox 424 1004 2593 1105; baseline 0 -24"><span class='ocrx_word' id='word_1_28' title='bbox 424 1030 623 1105; x_wconf 85' lang='lat' dir='ltr'><strong>quam</strong></span> <span class='ocrx_word' id='word_1_29' title='bbox 692 1007 779 1081; x_wconf 90' lang='lat' dir='ltr'><strong>de</strong></span> <span class='ocrx_word' id='word_1_30' title='bbox 853 1005 1056 1079; x_wconf 91' lang='lat' dir='ltr'><strong>modo</strong></span> <span class='ocrx_word' id='word_1_31' title='bbox 1134 1004 1505 1100; x_wconf 89' lang='lat' dir='ltr'><strong>loquendi,</strong></span> <span class='ocrx_word' id='word_1_32' title='bbox 1576 1005 1828 1102; x_wconf 77' lang='lat' dir='ltr'><strong>dogma</strong></span> <span class='ocrx_word' id='word_1_33' title='bbox 1910 1014 2134 1081; x_wconf 90' lang='lat' dir='ltr'><strong>tamen</strong></span> <span class='ocrx_word' id='word_1_34' title='bbox 2214 1007 2593 1083; x_wconf 85' lang='lat' dir='ltr'><strong>divinitatis</strong></span> 
     </span>
     <span class='ocr_line' id='line_1_6' title="bbox 426 1121 2590 1216; baseline 0 -18"><span class='ocrx_word' id='word_1_35' title='bbox 426 1125 676 1198; x_wconf 82' lang='lat' dir='ltr'><strong>Christi</strong></span> <span class='ocrx_word' id='word_1_36' title='bbox 714 1121 990 1196; x_wconf 86' lang='lat' dir='ltr'>Domini</span> <span class='ocrx_word' id='word_1_37' title='bbox 1026 1121 1466 1216; x_wconf 88' lang='lat' dir='ltr'><strong>apertissimo</strong></span> <span class='ocrx_word' id='word_1_38' title='bbox 1502 1122 1902 1197; x_wconf 87' lang='lat' dir='ltr'><strong>testimonio</strong></span> <span class='ocrx_word' id='word_1_39' title='bbox 1938 1125 2241 1199; x_wconf 77' lang='lat' dir='ltr'><strong>roborat.</strong></span> <span class='ocrx_word' id='word_1_40' title='bbox 2276 1126 2376 1198; x_wconf 86' lang='lat' dir='ltr'><strong>lta</strong></span> <span class='ocrx_word' id='word_1_41' title='bbox 2409 1125 2590 1200; x_wconf 90' lang='lat' dir='ltr'><strong>enim</strong></span> 
     </span>
     <span class='ocr_line' id='line_1_7' title="bbox 426 1237 2583 1336; baseline -0.002 -20"><span class='ocrx_word' id='word_1_42' title='bbox 426 1241 719 1316; x_wconf 90' lang='lat' dir='ltr'><strong>suumin</strong></span> <span class='ocrx_word' id='word_1_43' title='bbox 749 1239 1223 1333; x_wconf 86' lang='lat' dir='ltr'><strong>componenda</strong></span> <span class='ocrx_word' id='word_1_44' title='bbox 1257 1240 1551 1311; x_wconf 82' lang='lat' dir='ltr'><strong>Homilia</strong></span> <span class='ocrx_word' id='word_1_45' title='bbox 1579 1237 1959 1313; x_wconf 41' lang='lat' dir='ltr'><strong>consilium*</strong></span> <span class='ocrx_word' id='word_1_46' title='bbox 1979 1240 2177 1316; x_wconf 88' lang='lat' dir='ltr'><strong>initio</strong></span> <span class='ocrx_word' id='word_1_47' title='bbox 2211 1242 2429 1336; x_wconf 90' lang='lat' dir='ltr'><strong>aperit</strong></span> <span class='ocrx_word' id='word_1_48' title='bbox 2456 1241 2534 1335; x_wconf 73' lang='grc' dir='ltr'><strong>(ι)</strong></span> <span class='ocrx_word' id='word_1_49' title='bbox 2568 1267 2583 1312; x_wconf 89' lang='lat'>:</span> 
     </span>
     <span class='ocr_line' id='line_1_8' title="bbox 428 1353 2589 1452; baseline 0.003 -28"><span class='ocrx_word' id='word_1_50' title='bbox 428 1386 464 1424; x_wconf 73' lang='grc' dir='ltr'><strong>α</strong></span> <span class='ocrx_word' id='word_1_51' title='bbox 507 1356 898 1452; x_wconf 83' lang='lat' dir='ltr'><strong>Responsio</strong></span> <span class='ocrx_word' id='word_1_52' title='bbox 934 1354 1265 1427; x_wconf 85' lang='lat' dir='ltr'><strong>adversus</strong></span> <span class='ocrx_word' id='word_1_53' title='bbox 1296 1353 1606 1439; x_wconf 71' lang='lat' dir='ltr'><strong>ludaeos,</strong></span> <span class='ocrx_word' id='word_1_54' title='bbox 1649 1355 1766 1448; x_wconf 92' lang='lat' dir='ltr'><strong>qui</strong></span> <span class='ocrx_word' id='word_1_55' title='bbox 1822 1357 2080 1450; x_wconf 89' lang='lat' dir='ltr'><strong>populo</strong></span> <span class='ocrx_word' id='word_1_56' title='bbox 2132 1379 2214 1430; x_wconf 86' lang='lat' dir='ltr'><strong>ex</strong></span> <span class='ocrx_word' id='word_1_57' title='bbox 2267 1356 2589 1452; x_wconf 82' lang='lat' dir='ltr'><strong>gentibus</strong></span> 
     </span>
     <span class='ocr_line' id='line_1_9' title="bbox 424 1470 2590 1569; baseline -0 -22"><span class='ocrx_word' id='word_1_58' title='bbox 424 1481 842 1569; x_wconf 77' lang='lat' dir='ltr'><strong>congregato</strong></span> <span class='ocrx_word' id='word_1_59' title='bbox 880 1473 1061 1545; x_wconf 91' lang='lat' dir='ltr'><strong>hunc</strong></span> <span class='ocrx_word' id='word_1_60' title='bbox 1098 1471 1168 1542; x_wconf 89' lang='lat' dir='ltr'><strong>in</strong></span> <span class='ocrx_word' id='word_1_61' title='bbox 1206 1470 1482 1543; x_wconf 90' lang='lat' dir='ltr'><strong>modum</strong></span> <span class='ocrx_word' id='word_1_62' title='bbox 1531 1470 2002 1545; x_wconf 78' lang='lat' dir='ltr'><strong>conviciantur</strong></span> <span class='ocrx_word' id='word_1_63' title='bbox 2043 1498 2058 1544; x_wconf 90' lang='lat'>:</span> <span class='ocrx_word' id='word_1_64' title='bbox 2106 1503 2139 1539; x_wconf 77' lang='grc' dir='ltr'><strong>α</strong></span> <span class='ocrx_word' id='word_1_65' title='bbox 2186 1473 2427 1546; x_wconf 89' lang='lat' dir='ltr'><strong>Colitis</strong></span> <span class='ocrx_word' id='word_1_66' title='bbox 2461 1496 2590 1547; x_wconf 88' lang='lat' dir='ltr'><strong>vos</strong></span> 
     </span>
     <span class='ocr_line' id='line_1_10' title="bbox 423 1572 2586 1683; baseline -0.001 -20"><span class='ocrx_word' id='word_1_67' title='bbox 423 1598 491 1663; x_wconf 92' lang='lat' dir='ltr'><strong>et</strong></span> <span class='ocrx_word' id='word_1_68' title='bbox 524 1589 832 1663; x_wconf 77' lang='lat' dir='ltr'><strong>adoratis</strong></span> <span class='ocrx_word' id='word_1_69' title='bbox 861 1588 1206 1661; x_wconf 90' lang='lat' dir='ltr'><strong>hominem</strong></span> <span class='ocrx_word' id='word_1_70' title='bbox 1236 1607 1318 1659; x_wconf 89' lang='lat' dir='ltr'><strong>ex</strong></span> <span class='ocrx_word' id='word_1_71' title='bbox 1355 1586 1748 1659; x_wconf 87' lang='lat' dir='ltr'><strong>hominibus</strong></span> <span class='ocrx_word' id='word_1_72' title='bbox 1785 1572 2329 1683; x_wconf 84' lang='lat' dir='ltr'><strong>genitumatque</strong></span> <span class='ocrx_word' id='word_1_73' title='bbox 2365 1589 2586 1662; x_wconf 92' lang='lat' dir='ltr'><strong>cruci-</strong></span> 
     </span>
     <span class='ocr_line' id='line_1_11' title="bbox 421 1704 2587 1799; baseline 0.001 -23"><span class='ocrx_word' id='word_1_74' title='bbox 421 1706 666 1791; x_wconf 79' lang='lat' dir='ltr'><strong>fixum3</strong></span> <span class='ocrx_word' id='word_1_75' title='bbox 708 1704 1049 1779; x_wconf 90' lang='lat' dir='ltr'><strong>hominem</strong></span> <span class='ocrx_word' id='word_1_76' title='bbox 1087 1704 1349 1777; x_wconf 84' lang='lat' dir='ltr'><strong>vocatis</strong></span> <span class='ocrx_word' id='word_1_77' title='bbox 1402 1706 1655 1789; x_wconf 65' lang='lat' dir='ltr'><strong>Deum,</strong></span> <span class='ocrx_word' id='word_1_78' title='bbox 1685 1726 1979 1799; x_wconf 91' lang='lat' dir='ltr'><strong>cumque</strong></span> <span class='ocrx_word' id='word_1_79' title='bbox 2018 1727 2217 1779; x_wconf 91' lang='lat' dir='ltr'><strong>nemo</strong></span> <span class='ocrx_word' id='word_1_80' title='bbox 2275 1706 2366 1780; x_wconf 87' lang='lat' dir='ltr'><strong>sit</strong></span> <span class='ocrx_word' id='word_1_81' title='bbox 2402 1707 2587 1779; x_wconf 84' lang='lat' dir='ltr'><strong>filius</strong></span> 
     </span>
     <span class='ocr_line' id='line_1_12' title="bbox 422 1819 2583 1915; baseline -0.002 -22"><span class='ocrx_word' id='word_1_82' title='bbox 422 1823 571 1907; x_wconf 88' lang='lat' dir='ltr'><strong>Dei,</strong></span> <span class='ocrx_word' id='word_1_83' title='bbox 611 1822 813 1894; x_wconf 91' lang='lat' dir='ltr'><strong>talem</strong></span> <span class='ocrx_word' id='word_1_84' title='bbox 850 1842 1006 1894; x_wconf 89' lang='lat' dir='ltr'><strong>esse</strong></span> <span class='ocrx_word' id='word_1_85' title='bbox 1042 1819 1425 1915; x_wconf 88' lang='lat' dir='ltr'><strong>perhibetis</strong></span> <span class='ocrx_word' id='word_1_86' title='bbox 1455 1820 1693 1893; x_wconf 82' lang='lat' dir='ltr'><strong>Jesum</strong></span> <span class='ocrx_word' id='word_1_87' title='bbox 1747 1820 1937 1892; x_wconf 89' lang='lat' dir='ltr'><strong>illum</strong></span> <span class='ocrx_word' id='word_1_88' title='bbox 1983 1822 2174 1895; x_wconf 92' lang='lat' dir='ltr'><strong>cruci</strong></span> <span class='ocrx_word' id='word_1_89' title='bbox 2209 1822 2505 1895; x_wconf 83' lang='lat' dir='ltr'><strong>affixum.</strong></span> <span class='ocrx_word' id='word_1_90' title='bbox 2548 1852 2583 1888; x_wconf 83' lang='lat'>»</span> 
     </span>
     <span class='ocr_line' id='line_1_13' title="bbox 422 1934 2586 2036; baseline -0 -26"><span class='ocrx_word' id='word_1_91' title='bbox 422 1939 586 2026; x_wconf 84' lang='lat' dir='ltr'><strong>Quae</strong></span> <span class='ocrx_word' id='word_1_92' title='bbox 621 1938 725 2010; x_wconf 90' lang='lat' dir='ltr'><strong>sic</strong></span> <span class='ocrx_word' id='word_1_93' title='bbox 763 1936 1178 2031; x_wconf 89' lang='lat' dir='ltr'><strong>persuadere</strong></span> <span class='ocrx_word' id='word_1_94' title='bbox 1215 1943 1549 2009; x_wconf 81' lang='lat' dir='ltr'><strong>conantur</strong></span> <span class='ocrx_word' id='word_1_95' title='bbox 1581 1961 1596 2007; x_wconf 90' lang='lat'>:</span> <span class='ocrx_word' id='word_1_96' title='bbox 1637 1964 1674 2000; x_wconf 89' lang='lat'>«</span> <span class='ocrx_word' id='word_1_97' title='bbox 1702 1937 1885 2009; x_wconf 88' lang='lat' dir='ltr'><strong>Deus</strong></span> <span class='ocrx_word' id='word_1_98' title='bbox 1913 1935 2083 2008; x_wconf 86' lang='lat' dir='ltr'><strong>dixit</strong></span> <span class='ocrx_word' id='word_1_99' title='bbox 2111 1934 2228 2036; x_wconf 74' lang='lat'><strong>(2):</strong></span> <span class='ocrx_word' id='word_1_100' title='bbox 2273 1941 2398 2030; x_wconf 73' lang='lat'><strong>1390</strong></span> <span class='ocrx_word' id='word_1_101' title='bbox 2430 1961 2586 2011; x_wconf 74' lang='lat' dir='ltr'><strong>sum</strong></span> 
     </span>
     <span class='ocr_line' id='line_1_14' title="bbox 418 2052 2585 2155; baseline 0.001 -28"><span class='ocrx_word' id='word_1_102' title='bbox 418 2059 620 2139; x_wconf 75' lang='lat' dir='ltr'><strong>Deua,</strong></span> <span class='ocrx_word' id='word_1_103' title='bbox 644 2076 858 2147; x_wconf 73' lang='lat' dir='ltr'><strong>neque</strong></span> <span class='ocrx_word' id='word_1_104' title='bbox 884 2056 1074 2126; x_wconf 74' lang='lat' dir='ltr'><strong>ullus</strong></span> <span class='ocrx_word' id='word_1_105' title='bbox 1099 2065 1200 2127; x_wconf 72' lang='lat' dir='ltr'><strong>cst</strong></span> <span class='ocrx_word' id='word_1_106' title='bbox 1226 2056 1411 2127; x_wconf 74' lang='lat' dir='ltr'><strong>alius</strong></span> <span class='ocrx_word' id='word_1_107' title='bbox 1430 2064 1687 2146; x_wconf 82' lang='lat' dir='ltr'><strong>proeter</strong></span> <span class='ocrx_word' id='word_1_108' title='bbox 1710 2076 1839 2127; x_wconf 79' lang='lat' dir='ltr'><strong>me.</strong></span> <span class='ocrx_word' id='word_1_109' title='bbox 1871 2054 1956 2127; x_wconf 89' lang='lat' dir='ltr'><strong>Et</strong></span> <span class='ocrx_word' id='word_1_110' title='bbox 1980 2055 2142 2128; x_wconf 88' lang='lat' dir='ltr'><strong>alibi</strong></span> <span class='ocrx_word' id='word_1_111' title='bbox 2169 2052 2244 2155; x_wconf 78' lang='lat'><strong>(3)</strong></span> <span class='ocrx_word' id='word_1_112' title='bbox 2266 2057 2585 2150; x_wconf 87' lang='lat' dir='ltr'><strong>prohihet</strong></span> 
     </span>
     <span class='ocr_line' id='line_1_15' title="bbox 346 2171 2580 2267; baseline 0.001 -23"><span class='ocrx_word' id='word_1_113' title='bbox 346 2205 352 2214; x_wconf 90' lang='lat'>·</span> <span class='ocrx_word' id='word_1_114' title='bbox 416 2194 502 2245; x_wconf 78' lang='lat' dir='ltr'><strong>ne</strong></span> <span class='ocrx_word' id='word_1_115' title='bbox 557 2174 858 2245; x_wconf 78' lang='lat' dir='ltr'><strong>alienum</strong></span> <span class='ocrx_word' id='word_1_116' title='bbox 920 2192 1172 2243; x_wconf 80' lang='lat' dir='ltr'><strong>numen</strong></span> <span class='ocrx_word' id='word_1_117' title='bbox 1231 2171 1615 2244; x_wconf 65' lang='lat' dir='ltr'><strong>ador-emm.</strong></span> <span class='ocrx_word' id='word_1_118' title='bbox 1683 2173 1895 2267; x_wconf 80' lang='lat' dir='ltr'><strong>Ergo,</strong></span> <span class='ocrx_word' id='word_1_119' title='bbox 1954 2173 2167 2259; x_wconf 88' lang='lat' dir='ltr'><strong>aiunt,</strong></span> <span class='ocrx_word' id='word_1_120' title='bbox 2237 2174 2306 2246; x_wconf 90' lang='lat' dir='ltr'><strong>in</strong></span> <span class='ocrx_word' id='word_1_121' title='bbox 2369 2176 2580 2254; x_wconf 88' lang='lat' dir='ltr'><strong>Deum</strong></span> 
     </span>
     <span class='ocr_line' id='line_1_16' title="bbox 420 2286 2582 2381; baseline -0.003 -21"><span class='ocrx_word' id='word_1_122' title='bbox 420 2290 712 2361; x_wconf 81' lang='lat' dir='ltr'><strong>rebelles</strong></span> <span class='ocrx_word' id='word_1_123' title='bbox 761 2288 959 2372; x_wconf 92' lang='lat' dir='ltr'><strong>estis,</strong></span> <span class='ocrx_word' id='word_1_124' title='bbox 1003 2286 1121 2381; x_wconf 88' lang='lat' dir='ltr'><strong>qui</strong></span> <span class='ocrx_word' id='word_1_125' title='bbox 1178 2287 1299 2358; x_wconf 88' lang='lat' dir='ltr'><strong>Dei</strong></span> <span class='ocrx_word' id='word_1_126' title='bbox 1354 2308 1601 2359; x_wconf 89' lang='lat' dir='ltr'><strong>nomen</strong></span> <span class='ocrx_word' id='word_1_127' title='bbox 1655 2288 1916 2360; x_wconf 89' lang='lat' dir='ltr'><strong>homini</strong></span> <span class='ocrx_word' id='word_1_128' title='bbox 1969 2288 2368 2362; x_wconf 82' lang='lat' dir='ltr'><strong>attribuit-is.</strong></span> <span class='ocrx_word' id='word_1_129' title='bbox 2411 2319 2447 2355; x_wconf 85' lang='lat'><strong>›&gt;</strong></span> <span class='ocrx_word' id='word_1_130' title='bbox 2489 2332 2582 2344; x_wconf 89' lang='grc'><strong>--</strong></span> 
     </span>
     <span class='ocr_line' id='line_1_17' title="bbox 420 2401 2583 2496; baseline 0.002 -21"><span class='ocrx_word' id='word_1_131' title='bbox 420 2406 516 2477; x_wconf 88' lang='lat' dir='ltr'><strong>De</strong></span> <span class='ocrx_word' id='word_1_132' title='bbox 566 2404 676 2477; x_wconf 89' lang='lat' dir='ltr'><strong>his</strong></span> <span class='ocrx_word' id='word_1_133' title='bbox 730 2403 963 2496; x_wconf 82' lang='lat' dir='ltr'><strong>igitur,</strong></span> <span class='ocrx_word' id='word_1_134' title='bbox 1020 2401 1403 2486; x_wconf 76' lang='lat' dir='ltr'><strong>carissime,</strong></span> <span class='ocrx_word' id='word_1_135' title='bbox 1455 2401 1680 2496; x_wconf 87' lang='lat' dir='ltr'><strong>quoad</strong></span> <span class='ocrx_word' id='word_1_136' title='bbox 1735 2411 1979 2495; x_wconf 86' lang='lat' dir='ltr'><strong>potero</strong></span> <span class='ocrx_word' id='word_1_137' title='bbox 2031 2412 2098 2476; x_wconf 95' lang='lat' dir='ltr'><strong>et</strong></span> <span class='ocrx_word' id='word_1_138' title='bbox 2149 2404 2583 2479; x_wconf 80' lang='lat' dir='ltr'><strong>imbecillitas</strong></span> 
     </span>
     <span class='ocr_line' id='line_1_18' title="bbox 418 2517 2583 2613; baseline 0.001 -21"><span class='ocrx_word' id='word_1_139' title='bbox 418 2542 563 2594; x_wconf 88' lang='lat' dir='ltr'><strong>mea</strong></span> <span class='ocrx_word' id='word_1_140' title='bbox 622 2519 939 2607; x_wconf 89' lang='lat' dir='ltr'><strong>sufficiet,</strong></span> <span class='ocrx_word' id='word_1_141' title='bbox 990 2528 1060 2591; x_wconf 90' lang='lat' dir='ltr'><strong>te</strong></span> <span class='ocrx_word' id='word_1_142' title='bbox 1121 2517 1492 2599; x_wconf 78' lang='lat' dir='ltr'><strong>instruam:</strong></span> <span class='ocrx_word' id='word_1_143' title='bbox 1549 2519 2046 2613; x_wconf 83' lang='lat' dir='ltr'><strong>ostendamque</strong></span> <span class='ocrx_word' id='word_1_144' title='bbox 2099 2520 2251 2603; x_wconf 88' lang='lat' dir='ltr'><strong>tihi,</strong></span> <span class='ocrx_word' id='word_1_145' title='bbox 2314 2518 2583 2594; x_wconf 87' lang='lat' dir='ltr'><strong>etiamsi</strong></span> 
     </span>
     <span class='ocr_line' id='line_1_19' title="bbox 415 2633 2580 2710; baseline 0 -2"><span class='ocrx_word' id='word_1_146' title='bbox 415 2637 553 2708; x_wconf 91' lang='lat' dir='ltr'><strong>illis</strong></span> <span class='ocrx_word' id='word_1_147' title='bbox 600 2635 1176 2710; x_wconf 77' lang='lat' dir='ltr'><strong>obtrectatoribus</strong></span> <span class='ocrx_word' id='word_1_148' title='bbox 1226 2634 1622 2707; x_wconf 86' lang='lat' dir='ltr'><strong>dederimus</strong></span> <span class='ocrx_word' id='word_1_149' title='bbox 1680 2633 2027 2708; x_wconf 87' lang='lat' dir='ltr'><strong>Christum</strong></span> <span class='ocrx_word' id='word_1_150' title='bbox 2065 2658 2321 2710; x_wconf 89' lang='lat' dir='ltr'><strong>merum</strong></span> <span class='ocrx_word' id='word_1_151' title='bbox 2361 2638 2580 2709; x_wconf 88' lang='lat' dir='ltr'><strong>homi·</strong></span> 
     </span>
     <span class='ocr_line' id='line_1_20' title="bbox 416 2749 2576 2846; baseline 0.001 -23"><span class='ocrx_word' id='word_1_152' title='bbox 416 2772 570 2824; x_wconf 89' lang='lat' dir='ltr'><strong>nem</strong></span> <span class='ocrx_word' id='word_1_153' title='bbox 607 2772 789 2838; x_wconf 90' lang='lat' dir='ltr'><strong>esse,</strong></span> <span class='ocrx_word' id='word_1_154' title='bbox 819 2752 981 2824; x_wconf 91' lang='lat' dir='ltr'><strong>dum</strong></span> <span class='ocrx_word' id='word_1_155' title='bbox 1006 2761 1230 2823; x_wconf 90' lang='lat' dir='ltr'><strong>tamen</strong></span> <span class='ocrx_word' id='word_1_156' title='bbox 1268 2771 1422 2822; x_wconf 91' lang='lat' dir='ltr'><strong>eum</strong></span> <span class='ocrx_word' id='word_1_157' title='bbox 1450 2749 1744 2823; x_wconf 86' lang='lat' dir='ltr'><strong>colimus</strong></span> <span class='ocrx_word' id='word_1_158' title='bbox 1770 2758 1838 2846; x_wconf 87' lang='lat' dir='ltr'><strong>et</strong></span> <span class='ocrx_word' id='word_1_159' title='bbox 1864 2751 2080 2823; x_wconf 92' lang='lat' dir='ltr'><strong>Deum</strong></span> <span class='ocrx_word' id='word_1_160' title='bbox 2109 2772 2187 2823; x_wconf 92' lang='lat' dir='ltr'><strong>ac</strong></span> <span class='ocrx_word' id='word_1_161' title='bbox 2216 2751 2576 2825; x_wconf 88' lang='lat' dir='ltr'><strong>Dominum</strong></span> 
     </span>
     <span class='ocr_line' id='line_1_21' title="bbox 413 2865 2581 2962; baseline 0.001 -24"><span class='ocrx_word' id='word_1_162' title='bbox 413 2888 761 2950; x_wconf 76' lang='lat' dir='ltr'><strong>vocamuS‚</strong></span> <span class='ocrx_word' id='word_1_163' title='bbox 806 2887 941 2939; x_wconf 89' lang='lat' dir='ltr'><strong>non</strong></span> <span class='ocrx_word' id='word_1_164' title='bbox 978 2866 1113 2938; x_wconf 85' lang='lat' dir='ltr'><strong>alio</strong></span> <span class='ocrx_word' id='word_1_165' title='bbox 1149 2865 1424 2937; x_wconf 91' lang='lat' dir='ltr'><strong>nomine</strong></span> <span class='ocrx_word' id='word_1_166' title='bbox 1461 2886 1616 2938; x_wconf 88' lang='lat' dir='ltr'><strong>cum</strong></span> <span class='ocrx_word' id='word_1_167' title='bbox 1652 2887 1690 2936; x_wconf 93' lang='lat' dir='ltr'><strong>a</strong></span> <span class='ocrx_word' id='word_1_168' title='bbox 1724 2866 1929 2938; x_wconf 90' lang='lat' dir='ltr'><strong>nobis</strong></span> <span class='ocrx_word' id='word_1_169' title='bbox 1966 2868 2342 2962; x_wconf 91' lang='lat' dir='ltr'><strong>nuncupari</strong></span> <span class='ocrx_word' id='word_1_170' title='bbox 2381 2890 2581 2961; x_wconf 90' lang='lat' dir='ltr'><strong>quam</strong></span> 
     </span>
     <span class='ocr_line' id='line_1_22' title="bbox 416 2980 2583 3076; baseline 0.001 -22"><span class='ocrx_word' id='word_1_171' title='bbox 416 2980 597 3076; x_wconf 90' lang='lat' dir='ltr'><strong>quod</strong></span> <span class='ocrx_word' id='word_1_172' title='bbox 640 2981 775 3076; x_wconf 88' lang='lat' dir='ltr'><strong>ipsi</strong></span> <span class='ocrx_word' id='word_1_173' title='bbox 812 2980 1240 3054; x_wconf 85' lang='lat' dir='ltr'><strong>adhiberent.</strong></span> <span class='ocrx_word' id='word_1_174' title='bbox 1273 2981 1524 3053; x_wconf 89' lang='lat' dir='ltr'><strong>Verum</strong></span> <span class='ocrx_word' id='word_1_175' title='bbox 1561 2981 1911 3055; x_wconf 87' lang='lat' dir='ltr'><strong>enimvero</strong></span> <span class='ocrx_word' id='word_1_176' title='bbox 1946 2991 2208 3055; x_wconf 89' lang='lat' dir='ltr'><strong>certum</strong></span> <span class='ocrx_word' id='word_1_177' title='bbox 2247 2983 2448 3056; x_wconf 89' lang='lat' dir='ltr'><strong>nobis</strong></span> <span class='ocrx_word' id='word_1_178' title='bbox 2476 2992 2583 3057; x_wconf 88' lang='lat' dir='ltr'><strong>est</strong></span> 
     </span>
     <span class='ocr_line' id='line_1_23' title="bbox 412 3080 2575 3182; baseline 0.001 -14"><span class='ocrx_word' id='word_1_179' title='bbox 412 3098 673 3179; x_wconf 86' lang='lat' dir='ltr'><strong>Jesum,</strong></span> <span class='ocrx_word' id='word_1_180' title='bbox 722 3095 1087 3169; x_wconf 90' lang='lat' dir='ltr'><strong>Dominum</strong></span> <span class='ocrx_word' id='word_1_181' title='bbox 1140 3080 1477 3181; x_wconf 85' lang='lat' dir='ltr'><strong>nostrum,</strong></span> <span class='ocrx_word' id='word_1_182' title='bbox 1533 3097 1750 3168; x_wconf 90' lang='lat' dir='ltr'><strong>Deum</strong></span> <span class='ocrx_word' id='word_1_183' title='bbox 1798 3118 1957 3170; x_wconf 89' lang='lat' dir='ltr'><strong>esse</strong></span> <span class='ocrx_word' id='word_1_184' title='bbox 2006 3106 2075 3169; x_wconf 88' lang='lat' dir='ltr'><strong>et</strong></span> <span class='ocrx_word' id='word_1_185' title='bbox 2124 3098 2245 3170; x_wconf 87' lang='lat' dir='ltr'><strong>Dei</strong></span> <span class='ocrx_word' id='word_1_186' title='bbox 2301 3098 2575 3182; x_wconf 87' lang='lat' dir='ltr'><strong>Filium,</strong></span> 
     </span>
     <span class='ocr_line' id='line_1_24' title="bbox 416 3209 2584 3308; baseline 0.001 -22"><span class='ocrx_word' id='word_1_187' title='bbox 416 3215 673 3308; x_wconf 82' lang='lat' dir='ltr'><strong>Regem</strong></span> <span class='ocrx_word' id='word_1_188' title='bbox 721 3222 789 3285; x_wconf 89' lang='lat' dir='ltr'><strong>et</strong></span> <span class='ocrx_word' id='word_1_189' title='bbox 841 3212 1086 3284; x_wconf 86' lang='lat' dir='ltr'><strong>Filium</strong></span> <span class='ocrx_word' id='word_1_190' title='bbox 1140 3213 1380 3306; x_wconf 82' lang='lat' dir='ltr'><strong>Regis,</strong></span> <span class='ocrx_word' id='word_1_191' title='bbox 1427 3209 1685 3286; x_wconf 89' lang='lat' dir='ltr'><strong>Lumen</strong></span> <span class='ocrx_word' id='word_1_192' title='bbox 1738 3213 1824 3287; x_wconf 88' lang='lat' dir='ltr'><strong>de</strong></span> <span class='ocrx_word' id='word_1_193' title='bbox 1879 3214 2189 3298; x_wconf 88' lang='lat' dir='ltr'><strong>Lumine,</strong></span> <span class='ocrx_word' id='word_1_194' title='bbox 2232 3214 2477 3288; x_wconf 86' lang='lat' dir='ltr'><strong>Filium</strong></span> <span class='ocrx_word' id='word_1_195' title='bbox 2515 3225 2584 3289; x_wconf 90' lang='lat' dir='ltr'><strong>et</strong></span> 
     </span>
     <span class='ocr_line' id='line_1_25' title="bbox 416 3328 2577 3424; baseline 0.002 -21"><span class='ocrx_word' id='word_1_196' title='bbox 416 3328 924 3415; x_wconf 80' lang='lat' dir='ltr'><strong>consiliarium,</strong></span> <span class='ocrx_word' id='word_1_197' title='bbox 972 3330 1229 3402; x_wconf 91' lang='lat' dir='ltr'><strong>Ducem</strong></span> <span class='ocrx_word' id='word_1_198' title='bbox 1284 3338 1351 3402; x_wconf 89' lang='lat' dir='ltr'><strong>et</strong></span> <span class='ocrx_word' id='word_1_199' title='bbox 1385 3328 1602 3413; x_wconf 87' lang='lat' dir='ltr'><strong>Viam,</strong></span> <span class='ocrx_word' id='word_1_200' title='bbox 1644 3330 2064 3403; x_wconf 80' lang='lat' dir='ltr'><strong>salvatorem</strong></span> <span class='ocrx_word' id='word_1_201' title='bbox 2100 3341 2303 3424; x_wconf 87' lang='lat' dir='ltr'><strong>atque</strong></span> <span class='ocrx_word' id='word_1_202' title='bbox 2341 3333 2577 3406; x_wconf 87' lang='lat' dir='ltr'><strong>Pasto-</strong></span> 
     </span>
     <span class='ocr_line' id='line_1_26' title="bbox 412 3444 2572 3541; baseline 0 -23"><span class='ocrx_word' id='word_1_203' title='bbox 412 3467 582 3529; x_wconf 89' lang='lat' dir='ltr'><strong>rem,</strong></span> <span class='ocrx_word' id='word_1_204' title='bbox 627 3445 1237 3541; x_wconf 79' lang='lat' dir='ltr'><strong>congregatorem,</strong></span> <span class='ocrx_word' id='word_1_205' title='bbox 1272 3446 1570 3529; x_wconf 86' lang='lat' dir='ltr'><strong>Portam,</strong></span> <span class='ocrx_word' id='word_1_206' title='bbox 1608 3444 2038 3539; x_wconf 79' lang='lat' dir='ltr'><strong>Margaritam</strong></span> <span class='ocrx_word' id='word_1_207' title='bbox 2067 3453 2136 3517; x_wconf 91' lang='lat' dir='ltr'><strong>et</strong></span> <span class='ocrx_word' id='word_1_208' title='bbox 2170 3446 2572 3528; x_wconf 89' lang='lat' dir='ltr'><strong>Lucernam;</strong></span> 
     </span>
     <span class='ocr_line' id='line_1_27' title="bbox 408 3560 2244 3657; baseline -0.001 -24"><span class='ocrx_word' id='word_1_209' title='bbox 408 3562 863 3657; x_wconf 82' lang='lat' dir='ltr'><strong>plurimisque</strong></span> <span class='ocrx_word' id='word_1_210' title='bbox 897 3560 1285 3653; x_wconf 88' lang='lat' dir='ltr'><strong>hujusmodi</strong></span> <span class='ocrx_word' id='word_1_211' title='bbox 1323 3560 1717 3633; x_wconf 88' lang='lat' dir='ltr'><strong>nominibus</strong></span> <span class='ocrx_word' id='word_1_212' title='bbox 1753 3562 2161 3655; x_wconf 83' lang='lat' dir='ltr'><strong>appellatur.</strong></span> <span class='ocrx_word' id='word_1_213' title='bbox 2208 3591 2244 3626; x_wconf 84' lang='lat'>»</span> 
     </span>
    </p>

    <p class='ocr_par' dir='ltr' id='par_1_3' title="bbox 413 3676 2579 4005">
     <span class='ocr_line' id='line_1_28' title="bbox 511 3676 2579 3771; baseline 0.001 -22"><span class='ocrx_word' id='word_1_214' title='bbox 511 3678 696 3749; x_wconf 91' lang='lat' dir='ltr'><strong>Nihil</strong></span> <span class='ocrx_word' id='word_1_215' title='bbox 750 3677 1062 3771; x_wconf 86' lang='lat' dir='ltr'><strong>profecto</strong></span> <span class='ocrx_word' id='word_1_216' title='bbox 1111 3676 1302 3749; x_wconf 91' lang='lat' dir='ltr'><strong>hisce</strong></span> <span class='ocrx_word' id='word_1_217' title='bbox 1353 3677 1766 3749; x_wconf 88' lang='lat' dir='ltr'><strong>luculentius</strong></span> <span class='ocrx_word' id='word_1_218' title='bbox 1811 3676 1898 3750; x_wconf 94' lang='lat' dir='ltr'><strong>de</strong></span> <span class='ocrx_word' id='word_1_219' title='bbox 1934 3676 2190 3751; x_wconf 86' lang='lat' dir='ltr'><strong>Christi</strong></span> <span class='ocrx_word' id='word_1_220' title='bbox 2226 3678 2579 3753; x_wconf 85' lang='lat' dir='ltr'><strong>divinitate</strong></span> 
     </span>
     <span class='ocr_line' id='line_1_29' title="bbox 413 3791 2576 3885; baseline 0 -20"><span class='ocrx_word' id='word_1_221' title='bbox 413 3792 788 3866; x_wconf 88' lang='lat' dir='ltr'><strong>desiderari</strong></span> <span class='ocrx_word' id='word_1_222' title='bbox 825 3799 1081 3885; x_wconf 89' lang='lat' dir='ltr'><strong>potest,</strong></span> <span class='ocrx_word' id='word_1_223' title='bbox 1136 3791 1658 3864; x_wconf 89' lang='lat' dir='ltr'><strong>convincentius</strong></span> <span class='ocrx_word' id='word_1_224' title='bbox 1711 3792 1908 3863; x_wconf 90' lang='lat' dir='ltr'><strong>nihil.</strong></span> <span class='ocrx_word' id='word_1_225' title='bbox 1953 3792 2047 3866; x_wconf 90' lang='lat' dir='ltr'><strong>lis</strong></span> <span class='ocrx_word' id='word_1_226' title='bbox 2095 3800 2319 3866; x_wconf 89' lang='lat' dir='ltr'><strong>autem</strong></span> <span class='ocrx_word' id='word_1_227' title='bbox 2373 3793 2576 3866; x_wconf 91' lang='lat' dir='ltr'><strong>simul</strong></span> 
     </span>
     <span class='ocr_line' id='line_1_30' title="bbox 413 3908 2577 4005; baseline -0.001 -21"><span class='ocrx_word' id='word_1_228' title='bbox 413 3912 805 3985; x_wconf 86' lang='lat' dir='ltr'><strong>continetur</strong></span> <span class='ocrx_word' id='word_1_229' title='bbox 854 3909 1109 3984; x_wconf 90' lang='lat' dir='ltr'><strong>solutio</strong></span> <span class='ocrx_word' id='word_1_230' title='bbox 1162 3908 1584 3983; x_wconf 87' lang='lat' dir='ltr'><strong>difficultatis</strong></span> <span class='ocrx_word' id='word_1_231' title='bbox 1621 3930 1773 4003; x_wconf 86' lang='lat' dir='ltr'><strong>quae</strong></span> <span class='ocrx_word' id='word_1_232' title='bbox 1808 3927 1891 3983; x_wconf 82' lang='lat' dir='ltr'><strong>ex</strong></span> <span class='ocrx_word' id='word_1_233' title='bbox 1928 3909 2233 4005; x_wconf 82' lang='lat' dir='ltr'><strong>generali</strong></span> <span class='ocrx_word' id='word_1_234' title='bbox 2270 3909 2577 4002; x_wconf 86' lang='lat' dir='ltr'><strong>ejusdem</strong></span> 
     </span>
    </p>
   </div>
   <div class='ocr_carea' id='block_1_3' title="bbox 477 4142 1561 4388">
    <p class='ocr_par' dir='ltr' id='par_1_4' title="bbox 477 4142 1561 4388">
     <span class='ocr_line' id='line_1_31' title="bbox 480 4142 1561 4240; baseline -0.02 -24"><span class='ocrx_word' id='word_1_235' title='bbox 480 4159 550 4216; x_wconf 76' lang='lat' dir='ltr'><strong>(l)</strong></span> <span class='ocrx_word' id='word_1_236' title='bbox 584 4157 840 4227; x_wconf 60' lang='lat' dir='ltr'><strong>Wright„</strong></span> <span class='ocrx_word' id='word_1_237' title='bbox 867 4172 957 4226; x_wconf 77' lang='lat' dir='ltr'><strong>pp.</strong></span> <span class='ocrx_word' id='word_1_238' title='bbox 993 4142 1194 4205; x_wconf 51' lang='grc' dir='ltr'><strong>ὼ</strong></span> <span class='ocrx_word' id='word_1_239' title='bbox 1225 4159 1282 4208; x_wconf 83' lang='lat' dir='ltr'><strong>et</strong></span> <span class='ocrx_word' id='word_1_240' title='bbox 1311 4143 1503 4240; x_wconf 45' lang='grc' dir='ltr'><strong>..ἔλα</strong></span> <span class='ocrx_word' id='word_1_241' title='bbox 1547 4180 1561 4194; x_wconf 92' lang='grc'><strong>.</strong></span> 
     </span>
     <span class='ocr_line' id='line_1_32' title="bbox 477 4240 1203 4305; baseline 0 -12"><span class='ocrx_word' id='word_1_242' title='bbox 477 4240 550 4303; x_wconf 72' lang='lat'><strong>(2)</strong></span> <span class='ocrx_word' id='word_1_243' title='bbox 585 4240 871 4294; x_wconf 77' lang='lat' dir='ltr'><strong>Deuteron.</strong></span> <span class='ocrx_word' id='word_1_244' title='bbox 898 4241 1097 4305; x_wconf 84' lang='lat' dir='ltr'><strong>xxxn,</strong></span> <span class='ocrx_word' id='word_1_245' title='bbox 1119 4242 1203 4298; x_wconf 70' lang='lat'><strong>39.</strong></span> 
     </span>
     <span class='ocr_line' id='line_1_33' title="bbox 480 4323 1105 4388; baseline -0.013 -5"><span class='ocrx_word' id='word_1_246' title='bbox 480 4325 551 4388; x_wconf 72' lang='grc' dir='ltr'><strong>(ὅ)</strong></span> <span class='ocrx_word' id='word_1_247' title='bbox 585 4323 754 4379; x_wconf 80' lang='lat' dir='ltr'><strong>Exod.</strong></span> <span class='ocrx_word' id='word_1_248' title='bbox 782 4325 994 4386; x_wconf 75' lang='lat' dir='ltr'><strong>xxxlv,</strong></span> <span class='ocrx_word' id='word_1_249' title='bbox 1025 4327 1105 4377; x_wconf 74' lang='grc'><strong>14.</strong></span> 
     </span>
    </p>
   </div>
  </div>
 </body>
</html>
