3175 5084
1261 463 1711 533 ..125-

422 675 644 726 annus
692 674 828 745 quo
864 652 947 723 ad
996 651 1313 746 dogmata
1365 651 1700 723 catholica
1745 649 1996 722 tuenda
2056 659 2123 722 et
2184 650 2586 721 illustranda

425 770 757 840 calamum
811 769 1105 861 primum
1155 768 1459 852 acuerit,·
1495 776 1745 850 tamen,
1796 767 1857 837 si
1909 766 2285 838 attenderis
2339 766 2582 838 molem

428 907 713 978 operum
744 886 919 977 ejus,
955 896 1085 957 tam
1115 907 1349 958 eorum
1403 885 1651 979 quaein
1691 883 1994 956 editione
2030 884 2329 955 Romana
2367 885 2583 956 conti·-

428 1008 677 1073 nentur
727 1022 927 1093 quam
980 1000 1266 1073 aliorum
1304 1021 1457 1093 quae
1493 999 1822 1092 deinceps
1860 997 2041 1071 edita
2076 1005 2236 1071 sunt
2267 1006 2333 1069 et
2369 998 2590 1069 adhuc

430 1116 503 1186 in
533 1117 681 1189 dies
710 1117 1004 1189 eduntur
1027 1117 1131 1212 (ι),
1167 1118 1311 1189 sive
1339 1139 1398 1190 a.
1439 1115 1609 1200 373,
1633 1116 1777 1189 sive
1805 1124 2046 1208 postea
2072 1136 2225 1188 eum
2254 1123 2589 1187 mortuum

430 1256 592 1319 esse
623 1257 866 1327 ponas,
908 1235 1183 1307 fatearis
1221 1257 1505 1308 necesse
1541 1235 1697 1320 erit,
1741 1234 1929 1305 illum
1968 1254 2100 1305 non
2133 1235 2202 1303 in
2240 1241 2593 1305 senectute

432 1358 721 1428 tantum.
764 1359 837 1421 ut
887 1351 1029 1421 vult
1074 1350 1440 1444 Georgius.
1472 1349 1593 1422 sed
1631 1349 1747 1420 diu
1785 1359 1940 1420 ante
1991 1358 2256 1420 aetatem
2308 1369 2594 1441 provec-

435 1466 682 1537 tiorem
743 1464 1049 1538 scribere
1112 1466 1506 1559 incoepisse.
1577 1467 1807 1558 anue
1868 1463 2208 1536 sententia
2274 1463 2595 1553 maJorem

435 1582 658 1653 adhuc
695 1581 1101 1653 evidentiam
1137 1582 1468 1675 acquiret,
1505 1583 1566 1652 si
1605 1580 1921 1652 admittas
1949 1580 2199 1674 quaein
2230 1583 2419 1653 Actis
2449 1581 2597 1672 ejus

437 1708 507 1769 et
559 1699 629 1768 in
690 1701 857 1769 Vitae
906 1699 1286 1789 compendio
1335 1697 1412 1793 (2)
1476 1706 1835 1769 narrantur
1893 1697 1977 1768 de
2034 1697 2392 1769 itineribus
2446 1720 2599 1792 quae

437 1814 711 1886 demum
747 1821 908 1907 post
933 1814 1226 1886 Nisibim
1262 1814 1497 1887 Persis
1524 1837 1584 1885 a.
1624 1812 1766 1884 363
1795 1813 2106 1885 traditam
2138 1813 2208 1883 in
2233 1815 2598 1911 AEgyptum

439 1941 509 2003 et
563 1930 631 2000 in
690 1930 1186 2024 Cappadociam
1241 1931 1692 2025 suscepisset.
1751 1931 2166 2023 Quamquam
2212 1920 2600 2021 hujusmodi

438 2047 885 2130 adminiculo,
928 2068 1087 2118 cum
1141 2047 1438 2118 firmiora
1492 2046 1743 2130 adsint,
1797 2046 1996 2118 nobis
2050 2067 2225 2138 opus
2275 2067 2409 2118 non
2463 2054 2594 2117 est.

440 2160 714 2234 Asserit
748 2162 930 2234 euim
965 2163 1055 2234 cl.
1101 2162 1362 2233 Bickell
1397 2169 1465 2234 et
1513 2160 1804 2233 internis
1856 2182 2130 2255 quoque
2181 2161 2603 2254 argumentis

440 2278 869 2350 demonstrat
904 2279 1006 2373 (3),
1041 2280 1582 2362 exssarminibus
1629 2280 1960 2350 Nisibenis
1997 2278 2124 2348 alia
2160 2299 2219 2347 a.
2266 2275 2434 2360 359,
2477 2277 2606 2348 alia

440 2417 507 2467 a.
553 2392 724 2479 358,
767 2395 896 2467 alia
920 2395 1061 2487 jam
1097 2417 1159 2468 a.
1205 2392 1347 2465 350
1385 2394 1767 2487 composita
1801 2415 1982 2467 esse.

547 2511 694 2583 Etsi
747 2511 962 2605 igitur
1006 2522 1317 2583 accurate
1370 2510 1656 2582 definire
1717 2531 1850 2582 non
1913 2531 2281 2602 possumus
2337 2519 2607 2604 tempus

443 2651 585 2722 quo
623 2638 938 2722 tanquam
994 2629 1294 2722 scriptor
1349 2627 1720 2699 innotuerit
1771 2610 2198 2719 EphraemuS,
2243 2626 2308 2696 id
2367 2630 2608 2700 saltem

444 2744 861 2816 concludere
914 2743 1097 2827 licet,
1153 2743 1524 2838 Georgium
1588 2741 1894 2836 gentium
1960 2741 2234 2814 nonnisi
2295 2745 2501 2815 multa
2538 2744 2604 2813 in

435 2830 641 2932 ⁴suam
699 2860 1104 2933 sententiam
1167 2854 1417 2955 praeter
1479 2860 1753 2932 modum
1820 2861 2148 2932 trahendo
2202 2883 2283 2933 eo
2337 2861 2608 2933 taudem

446 2978 841 3062 devenisse,
900 2988 973 3051 ut
1032 2979 1458 3073 confingeret
1520 2979 1741 3062 illam,
1809 3001 2008 3072 quam
2059 2980 2605 3064 memoravimuS,

447 3094 945 3189 quinquaginta
988 3095 1267 3168 circiter
1317 3117 1648 3167 annorum
1697 3095 2110 3168 distantiam.
2169 3096 2312 3182 Qua
2363 3095 2609 3188 agendi

449 3211 715 3282 ratione
769 3231 851 3283 eo
904 3211 1122 3305 magis
1174 3210 1687 3283 admirationem
1741 3220 1989 3295 movet,
2060 3211 2244 3304 quod
2298 3212 2429 3282 tale
2481 3211 2606 3304 fig-

451 3336 754 3401 mentum
792 3328 927 3422 ipsi
964 3330 1152 3400 nullo
1207 3328 1410 3401 modo
1450 3328 1913 3401 necessarium
1949 3328 2076 3399 fuit
2112 3328 2194 3399 ad
2232 3348 2353 3399 eos
2408 3328 2611 3398 refel-

455 3445 727 3529 lendos,
784 3443 901 3538 qui
954 3442 1358 3538 Aphr'aatem
1430 3444 1502 3516 S.
1579 3443 1945 3537 Ephraemo
1998 3443 2373 3516 auditorem
2435 3440 2611 3515 assi-

451 3569 829 3655 gnaverant
867 3585 883 3633 ε
930 3560 1098 3633 satis
1151 3561 1408 3655 quippe
1444 3570 1589 3633 erat
1624 3569 1698 3632 ut
1734 3560 1924 3633 illum
1958 3561 2385 3653 aliquatenus
2422 3569 2609 3631 ante-

454 3678 710 3752 riorem
745 3677 960 3751 fuisse
996 3686 1367 3763 constaret,
1410 3685 1478 3751 et
1527 3699 1608 3751 ex
1644 3677 1853 3750 dictis
1889 3677 1958 3748 id
2010 3676 2438 3749 manifestum
2477 3683 2609 3749 est.

556 3794 863 3879 Idcirco,
934 3795 1187 3887 rejecta
1246 3793 1429 3866 inani
1482 3792 2027 3887 computatione,
2099 3794 2308 3885 longe
2372 3790 2614 3884 praefe-

458 3909 741 3981 rendam
810 3910 1122 3982 ducimus
1191 3910 1599 3982 sententiam
1628 3966 1644 3993 ,
1719 3931 1919 4002 quam
1991 3917 2344 4001 postremo
2416 3906 2612 3990 loco,

527 4141 599 4202 (ί)
635 4140 826 4194 Recole
849 4151 972 4206 quae
995 4152 1116 4208 pag.
1146 4141 1242 4192 115
1265 4140 1369 4192 sub
1393 4153 1543 4193 num.
1572 4142 1595 4192 1
1628 4137 1956 4192 notavimus,

530 4221 601 4285 (Ξ)
639 4224 694 4275 Β.
722 4225 781 4274 0.
811 4223 853 4284 1,
879 4235 935 4288 p.
965 4223 1032 4275 25
1052 4234 1205 4289 seqq.

529 4307 606 4370 (ὅ)
642 4304 826 4359 Car-m.
858 4304 1065 4370 Nisib„
1089 4305 1329 4374 prolegg.
1357 4320 1411 4373 p.
1438 4306 1472 4358 6
1496 4317 1650 4372 seqq.
