<?xml version="1.0" encoding="UTF-8"?>
<!DOCTYPE html PUBLIC "-//W3C//DTD XHTML 1.0 Transitional//EN"
    "http://www.w3.org/TR/xhtml1/DTD/xhtml1-transitional.dtd">
<html xmlns="http://www.w3.org/1999/xhtml" xml:lang="en" lang="en">
 <head>
  <title>
</title>
<meta http-equiv="Content-Type" content="text/html;charset=utf-8" />
  <meta name='ocr-system' content='tesseract 3.04.00' />
  <meta name='ocr-capabilities' content='ocr_page ocr_carea ocr_par ocr_line ocrx_word'/>
</head>
<body>
  <div class='ocr_page' id='page_1' title='image "./devitaetscripti00forggoog_0145.png"; bbox 0 0 3175 5084; ppageno 0'>
   <div class='ocr_carea' id='block_1_1' title="bbox 1280 517 1567 582">
    <p class='ocr_par' dir='ltr' id='par_1_1' title="bbox 1280 517 1567 582">
     <span class='ocr_line' id='line_1_1' title="bbox 1280 517 1567 582; baseline 0 -1"><span class='ocrx_word' id='word_1_1' title='bbox 1280 555 1358 565; x_wconf 86' lang='lat'><strong>-—</strong></span> <span class='ocrx_word' id='word_1_2' title='bbox 1452 517 1567 582; x_wconf 74' lang='lat'><strong>123</strong></span> 
     </span>
    </p>
   </div>
   <div class='ocr_carea' id='block_1_2' title="bbox 424 701 2594 1126">
    <p class='ocr_par' dir='ltr' id='par_1_2' title="bbox 424 701 2594 1126">
     <span class='ocr_line' id='line_1_2' title="bbox 425 701 2592 798; baseline 0 -21"><span class='ocrx_word' id='word_1_3' title='bbox 425 706 788 779; x_wconf 87' lang='lat' dir='ltr'><strong>decenniis</strong></span> <span class='ocrx_word' id='word_1_4' title='bbox 824 707 1079 789; x_wconf 87' lang='lat' dir='ltr'><strong>clarus,</strong></span> <span class='ocrx_word' id='word_1_5' title='bbox 1128 713 1313 776; x_wconf 83' lang='lat' dir='ltr'><strong>certe</strong></span> <span class='ocrx_word' id='word_1_6' title='bbox 1353 723 1568 797; x_wconf 92' lang='lat' dir='ltr'><strong>usque</strong></span> <span class='ocrx_word' id='word_1_7' title='bbox 1611 703 1693 775; x_wconf 89' lang='lat' dir='ltr'><strong>ad</strong></span> <span class='ocrx_word' id='word_1_8' title='bbox 1749 724 1996 775; x_wconf 90' lang='lat' dir='ltr'><strong>annum</strong></span> <span class='ocrx_word' id='word_1_9' title='bbox 2048 701 2191 773; x_wconf 85' lang='lat'><strong>373</strong></span> <span class='ocrx_word' id='word_1_10' title='bbox 2237 712 2592 798; x_wconf 88' lang='lat' dir='ltr'><strong>superstes</strong></span> 
     </span>
     <span class='ocr_line' id='line_1_3' title="bbox 426 818 2594 914; baseline -0.002 -19"><span class='ocrx_word' id='word_1_11' title='bbox 426 823 583 906; x_wconf 87' lang='lat' dir='ltr'><strong>fuit,</strong></span> <span class='ocrx_word' id='word_1_12' title='bbox 626 822 764 893; x_wconf 88' lang='lat' dir='ltr'><strong>imo</strong></span> <span class='ocrx_word' id='word_1_13' title='bbox 799 819 1178 893; x_wconf 86' lang='lat' dir='ltr'><strong>rationibus</strong></span> <span class='ocrx_word' id='word_1_14' title='bbox 1228 839 1367 893; x_wconf 92' lang='lat' dir='ltr'><strong>non</strong></span> <span class='ocrx_word' id='word_1_15' title='bbox 1420 820 1834 914; x_wconf 80' lang='lat' dir='ltr'><strong>spernendis</strong></span> <span class='ocrx_word' id='word_1_16' title='bbox 1888 818 2087 892; x_wconf 89' lang='lat' dir='ltr'><strong>inniti</strong></span> <span class='ocrx_word' id='word_1_17' title='bbox 2123 818 2440 892; x_wconf 82' lang='lat' dir='ltr'><strong>videntur</strong></span> <span class='ocrx_word' id='word_1_18' title='bbox 2474 821 2594 914; x_wconf 91' lang='lat' dir='ltr'><strong>qui</strong></span> 
     </span>
     <span class='ocr_line' id='line_1_4' title="bbox 424 934 2591 1029; baseline -0.001 -19"><span class='ocrx_word' id='word_1_19' title='bbox 424 958 584 1010; x_wconf 87' lang='lat' dir='ltr'><strong>eum</strong></span> <span class='ocrx_word' id='word_1_20' title='bbox 645 936 843 1008; x_wconf 90' lang='lat' dir='ltr'><strong>annis</strong></span> <span class='ocrx_word' id='word_1_21' title='bbox 892 934 1474 1029; x_wconf 80' lang='lat' dir='ltr'><strong>subsequentibus</strong></span> <span class='ocrx_word' id='word_1_22' title='bbox 1530 934 1753 1007; x_wconf 84' lang='lat' dir='ltr'><strong>adhuc</strong></span> <span class='ocrx_word' id='word_1_23' title='bbox 1807 935 1875 1006; x_wconf 91' lang='lat' dir='ltr'><strong>in</strong></span> <span class='ocrx_word' id='word_1_24' title='bbox 1936 934 2111 1009; x_wconf 87' lang='lat' dir='ltr'><strong>vivis</strong></span> <span class='ocrx_word' id='word_1_25' title='bbox 2159 935 2374 1007; x_wconf 86' lang='lat' dir='ltr'><strong>fuisse</strong></span> <span class='ocrx_word' id='word_1_26' title='bbox 2425 955 2591 1008; x_wconf 90' lang='lat' dir='ltr'><strong>con-</strong></span> 
     </span>
     <span class='ocr_line' id='line_1_5' title="bbox 424 1052 743 1126; baseline -0.013 0"><span class='ocrx_word' id='word_1_27' title='bbox 424 1052 743 1126; x_wconf 87' lang='lat' dir='ltr'><strong>tendunt.</strong></span> 
     </span>
    </p>
   </div>
   <div class='ocr_carea' id='block_1_3' title="bbox 2639 8 3155 16">
    <p class='ocr_par' dir='ltr' id='par_1_3' title="bbox 2639 8 3155 16">
     <span class='ocr_line' id='line_1_6' title="bbox 2639 8 3155 16; baseline 0 0"><span class='ocrx_word' id='word_1_28' title='bbox 2639 8 3155 16; x_wconf 95' lang='lat' dir='ltr'><strong> </strong></span> 
     </span>
    </p>
   </div>
   <div class='ocr_carea' id='block_1_4' title="bbox 420 1321 2687 1412">
    <p class='ocr_par' dir='ltr' id='par_1_4' title="bbox 420 1321 2687 1412">
     <span class='ocr_line' id='line_1_7' title="bbox 420 1321 2687 1412; baseline -0 -18"><span class='ocrx_word' id='word_1_29' title='bbox 420 1321 554 1412; x_wconf 52' lang='lat' dir='ltr'><strong>§AE</strong></span> <span class='ocrx_word' id='word_1_30' title='bbox 579 1344 827 1395; x_wconf 67' lang='lat' dir='ltr'><strong>unum</strong></span> <span class='ocrx_word' id='word_1_31' title='bbox 855 1333 1208 1395; x_wconf 64' lang='lat' dir='ltr'><strong>Anconam</strong></span> <span class='ocrx_word' id='word_1_32' title='bbox 1234 1344 1684 1397; x_wconf 69' lang='lat' dir='ltr'><strong>cunonotoeicr</strong></span> <span class='ocrx_word' id='word_1_33' title='bbox 1704 1347 1741 1396; x_wconf 73' lang='lat' dir='ltr'>A</span> <span class='ocrx_word' id='word_1_34' title='bbox 1758 1344 2025 1396; x_wconf 74' lang='lat' dir='ltr'><strong>cuonem</strong></span> <span class='ocrx_word' id='word_1_35' title='bbox 2054 1343 2321 1394; x_wconf 70' lang='lat' dir='ltr'><strong>crurum</strong></span> <span class='ocrx_word' id='word_1_36' title='bbox 2352 1343 2566 1394; x_wconf 61' lang='lat' dir='ltr'><strong>Anum</strong></span> <span class='ocrx_word' id='word_1_37' title='bbox 2679 1354 2687 1361; x_wconf 94' lang='lat'><strong>·</strong></span> 
     </span>
    </p>
   </div>
   <div class='ocr_carea' id='block_1_5' title="bbox 330 1522 2622 4173">
    <p class='ocr_par' dir='ltr' id='par_1_5' title="bbox 419 1522 2591 1967">
     <span class='ocr_line' id='line_1_8' title="bbox 528 1522 2589 1618; baseline 0.001 -26"><span class='ocrx_word' id='word_1_38' title='bbox 528 1524 612 1593; x_wconf 90' lang='lat' dir='ltr'><strong>Et</strong></span> <span class='ocrx_word' id='word_1_39' title='bbox 648 1524 792 1595; x_wconf 86' lang='lat' dir='ltr'><strong>haec</strong></span> <span class='ocrx_word' id='word_1_40' title='bbox 828 1522 1102 1617; x_wconf 91' lang='lat' dir='ltr'><strong>quidem</strong></span> <span class='ocrx_word' id='word_1_41' title='bbox 1140 1524 1309 1595; x_wconf 89' lang='lat' dir='ltr'><strong>satis</strong></span> <span class='ocrx_word' id='word_1_42' title='bbox 1340 1532 1522 1609; x_wconf 88' lang='lat' dir='ltr'><strong>sunt,</strong></span> <span class='ocrx_word' id='word_1_43' title='bbox 1564 1533 1637 1595; x_wconf 90' lang='lat' dir='ltr'><strong>ut</strong></span> <span class='ocrx_word' id='word_1_44' title='bbox 1672 1533 1923 1616; x_wconf 88' lang='lat' dir='ltr'><strong>pateat,</strong></span> <span class='ocrx_word' id='word_1_45' title='bbox 1955 1523 2140 1617; x_wconf 91' lang='lat' dir='ltr'><strong>quod</strong></span> <span class='ocrx_word' id='word_1_46' title='bbox 2167 1525 2589 1618; x_wconf 72' lang='lat' dir='ltr'><strong>caeteroquin</strong></span> 
     </span>
     <span class='ocr_line' id='line_1_9' title="bbox 420 1638 2591 1722; baseline 0.002 -14"><span class='ocrx_word' id='word_1_47' title='bbox 420 1661 461 1708; x_wconf 92' lang='lat' dir='ltr'><strong>a</strong></span> <span class='ocrx_word' id='word_1_48' title='bbox 497 1639 770 1710; x_wconf 88' lang='lat' dir='ltr'><strong>nemine</strong></span> <span class='ocrx_word' id='word_1_49' title='bbox 810 1639 878 1708; x_wconf 90' lang='lat' dir='ltr'><strong>in</strong></span> <span class='ocrx_word' id='word_1_50' title='bbox 916 1639 1197 1710; x_wconf 90' lang='lat' dir='ltr'><strong>dubium</strong></span> <span class='ocrx_word' id='word_1_51' title='bbox 1234 1638 1439 1711; x_wconf 92' lang='lat' dir='ltr'><strong>hodie</strong></span> <span class='ocrx_word' id='word_1_52' title='bbox 1475 1647 1780 1722; x_wconf 89' lang='lat' dir='ltr'><strong>vocatur,</strong></span> <span class='ocrx_word' id='word_1_53' title='bbox 1839 1648 1987 1712; x_wconf 89' lang='lat' dir='ltr'><strong>toto</strong></span> <span class='ocrx_word' id='word_1_54' title='bbox 2023 1641 2197 1711; x_wconf 88' lang='lat' dir='ltr'><strong>coelo</strong></span> <span class='ocrx_word' id='word_1_55' title='bbox 2233 1639 2591 1713; x_wconf 85' lang='lat' dir='ltr'><strong>aberrasse</strong></span> 
     </span>
     <span class='ocr_line' id='line_1_10' title="bbox 421 1754 2588 1850; baseline 0 -22"><span class='ocrx_word' id='word_1_56' title='bbox 421 1756 542 1850; x_wconf 90' lang='lat' dir='ltr'><strong>qui</strong></span> <span class='ocrx_word' id='word_1_57' title='bbox 605 1757 993 1850; x_wconf 80' lang='lat' dir='ltr'><strong>Sapientem</strong></span> <span class='ocrx_word' id='word_1_58' title='bbox 1055 1756 1333 1827; x_wconf 83' lang='lat' dir='ltr'><strong>Persam</strong></span> <span class='ocrx_word' id='word_1_59' title='bbox 1403 1755 1582 1827; x_wconf 90' lang='lat' dir='ltr'><strong>inter</strong></span> <span class='ocrx_word' id='word_1_60' title='bbox 1651 1756 1721 1828; x_wconf 91' lang='lat' dir='ltr'><strong>S.</strong></span> <span class='ocrx_word' id='word_1_61' title='bbox 1793 1755 2136 1849; x_wconf 86' lang='lat' dir='ltr'><strong>Ephraemi</strong></span> <span class='ocrx_word' id='word_1_62' title='bbox 2205 1754 2588 1849; x_wconf 89' lang='lat' dir='ltr'><strong>discipulos</strong></span> 
     </span>
     <span class='ocr_line' id='line_1_11' title="bbox 419 1872 1384 1967; baseline -0.001 -23"><span class='ocrx_word' id='word_1_63' title='bbox 419 1872 895 1967; x_wconf 89' lang='lat' dir='ltr'><strong>reponendum</strong></span> <span class='ocrx_word' id='word_1_64' title='bbox 931 1878 1384 1944; x_wconf 87' lang='lat' dir='ltr'><strong>autumarunt.</strong></span> 
     </span>
    </p>

    <p class='ocr_par' dir='ltr' id='par_1_6' title="bbox 330 1986 2622 3938">
     <span class='ocr_line' id='line_1_12' title="bbox 523 1986 2586 2082; baseline 0.001 -25"><span class='ocrx_word' id='word_1_65' title='bbox 523 1988 598 2058; x_wconf 85' lang='lat' dir='ltr'><strong>Id</strong></span> <span class='ocrx_word' id='word_1_66' title='bbox 634 1996 896 2061; x_wconf 89' lang='lat' dir='ltr'><strong>tantum</strong></span> <span class='ocrx_word' id='word_1_67' title='bbox 933 1986 1273 2080; x_wconf 88' lang='lat' dir='ltr'><strong>reliquum</strong></span> <span class='ocrx_word' id='word_1_68' title='bbox 1302 1994 1434 2070; x_wconf 87' lang='lat' dir='ltr'><strong>est,</strong></span> <span class='ocrx_word' id='word_1_69' title='bbox 1479 1995 1554 2059; x_wconf 89' lang='lat' dir='ltr'><strong>ut</strong></span> <span class='ocrx_word' id='word_1_70' title='bbox 1587 1987 1671 2059; x_wconf 92' lang='lat' dir='ltr'><strong>ad</strong></span> <span class='ocrx_word' id='word_1_71' title='bbox 1709 1987 2031 2079; x_wconf 88' lang='lat' dir='ltr'><strong>majorem</strong></span> <span class='ocrx_word' id='word_1_72' title='bbox 2084 1989 2466 2082; x_wconf 88' lang='lat' dir='ltr'><strong>argumenti</strong></span> <span class='ocrx_word' id='word_1_73' title='bbox 2504 2009 2586 2061; x_wconf 86' lang='lat' dir='ltr'><strong>ex</strong></span> 
     </span>
     <span class='ocr_line' id='line_1_13' title="bbox 420 2102 2579 2197; baseline 0 -22"><span class='ocrx_word' id='word_1_74' title='bbox 420 2103 870 2197; x_wconf 78' lang='lat' dir='ltr'>chronologia</span> <span class='ocrx_word' id='word_1_75' title='bbox 897 2102 1244 2195; x_wconf 82' lang='lat' dir='ltr'><strong>desumpti</strong></span> <span class='ocrx_word' id='word_1_76' title='bbox 1280 2103 1841 2196; x_wconf 79' lang='lat' dir='ltr'><strong>perspicuitatem</strong></span> <span class='ocrx_word' id='word_1_77' title='bbox 1871 2112 1940 2174; x_wconf 88' lang='lat' dir='ltr'><strong>et</strong></span> <span class='ocrx_word' id='word_1_78' title='bbox 1965 2104 2579 2189; x_wconf 88' lang='lat' dir='ltr'><strong>confirmationem,</strong></span> 
     </span>
     <span class='ocr_line' id='line_1_14' title="bbox 419 2218 2586 2315; baseline 0.001 -23"><span class='ocrx_word' id='word_1_79' title='bbox 419 2219 731 2315; x_wconf 87' lang='lat' dir='ltr'><strong>quaedam</strong></span> <span class='ocrx_word' id='word_1_80' title='bbox 795 2220 907 2293; x_wconf 91' lang='lat' dir='ltr'><strong>hic</strong></span> <span class='ocrx_word' id='word_1_81' title='bbox 966 2228 1371 2292; x_wconf 90' lang='lat' dir='ltr'><strong>annotemus</strong></span> <span class='ocrx_word' id='word_1_82' title='bbox 1432 2219 1518 2293; x_wconf 92' lang='lat' dir='ltr'><strong>de</strong></span> <span class='ocrx_word' id='word_1_83' title='bbox 1580 2219 1784 2294; x_wconf 92' lang='lat' dir='ltr'><strong>modo</strong></span> <span class='ocrx_word' id='word_1_84' title='bbox 1846 2220 2054 2315; x_wconf 88' lang='lat' dir='ltr'><strong>longe</strong></span> <span class='ocrx_word' id='word_1_85' title='bbox 2112 2218 2387 2295; x_wconf 87' lang='lat' dir='ltr'><strong>diverso</strong></span> <span class='ocrx_word' id='word_1_86' title='bbox 2448 2241 2586 2314; x_wconf 90' lang='lat' dir='ltr'><strong>quo</strong></span> 
     </span>
     <span class='ocr_line' id='line_1_15' title="bbox 417 2333 2585 2434; baseline 0 -26"><span class='ocrx_word' id='word_1_87' title='bbox 417 2337 600 2409; x_wconf 88' lang='lat' dir='ltr'><strong>idem</strong></span> <span class='ocrx_word' id='word_1_88' title='bbox 663 2337 1027 2431; x_wconf 89' lang='lat' dir='ltr'><strong>proposuit</strong></span> <span class='ocrx_word' id='word_1_89' title='bbox 1084 2337 1423 2431; x_wconf 81' lang='lat' dir='ltr'><strong>Georgius</strong></span> <span class='ocrx_word' id='word_1_90' title='bbox 1454 2396 1469 2422; x_wconf 90' lang='lat'>‚</span> <span class='ocrx_word' id='word_1_91' title='bbox 1539 2339 1928 2431; x_wconf 83' lang='lat' dir='ltr'><strong>Episcopus</strong></span> <span class='ocrx_word' id='word_1_92' title='bbox 1986 2338 2282 2410; x_wconf 89' lang='lat' dir='ltr'><strong>Arabum</strong></span> <span class='ocrx_word' id='word_1_93' title='bbox 2341 2333 2440 2434; x_wconf 74' lang='grc' dir='ltr'><strong>(ι).</strong></span> <span class='ocrx_word' id='word_1_94' title='bbox 2512 2338 2585 2410; x_wconf 90' lang='lat' dir='ltr'><strong>Si</strong></span> 
     </span>
     <span class='ocr_line' id='line_1_16' title="bbox 420 2439 2585 2550; baseline -0.001 -21"><span class='ocrx_word' id='word_1_95' title='bbox 420 2456 601 2529; x_wconf 89' lang='lat' dir='ltr'><strong>enim</strong></span> <span class='ocrx_word' id='word_1_96' title='bbox 639 2477 718 2530; x_wconf 88' lang='lat' dir='ltr'><strong>ea</strong></span> <span class='ocrx_word' id='word_1_97' title='bbox 750 2476 905 2550; x_wconf 84' lang='lat' dir='ltr'><strong>quae</strong></span> <span class='ocrx_word' id='word_1_98' title='bbox 938 2439 1236 2548; x_wconf 75' lang='lat' dir='ltr'><strong>scripsit</strong></span> <span class='ocrx_word' id='word_1_99' title='bbox 1277 2454 1359 2527; x_wconf 89' lang='lat' dir='ltr'><strong>ad</strong></span> <span class='ocrx_word' id='word_1_100' title='bbox 1412 2456 1735 2528; x_wconf 81' lang='lat' dir='ltr'><strong>trutinam</strong></span> <span class='ocrx_word' id='word_1_101' title='bbox 1774 2465 2207 2537; x_wconf 84' lang='lat' dir='ltr'><strong>revocentur,</strong></span> <span class='ocrx_word' id='word_1_102' title='bbox 2229 2455 2585 2527; x_wconf 81' lang='lat' dir='ltr'><strong>‘dicendus</strong></span> 
     </span>
     <span class='ocr_line' id='line_1_17' title="bbox 420 2564 2585 2667; baseline 0 -22"><span class='ocrx_word' id='word_1_103' title='bbox 420 2583 529 2645; x_wconf 88' lang='lat' dir='ltr'><strong>est</strong></span> <span class='ocrx_word' id='word_1_104' title='bbox 561 2573 668 2647; x_wconf 86' lang='lat' dir='ltr'><strong>vir</strong></span> <span class='ocrx_word' id='word_1_105' title='bbox 702 2573 951 2646; x_wconf 89' lang='lat' dir='ltr'><strong>doctus</strong></span> <span class='ocrx_word' id='word_1_106' title='bbox 1003 2564 1212 2644; x_wconf 80' lang='lat' dir='ltr'><strong>multa</strong></span> <span class='ocrx_word' id='word_1_107' title='bbox 1264 2574 1332 2643; x_wconf 92' lang='lat' dir='ltr'><strong>in</strong></span> <span class='ocrx_word' id='word_1_108' title='bbox 1385 2573 1553 2645; x_wconf 90' lang='lat' dir='ltr'><strong>illud</strong></span> <span class='ocrx_word' id='word_1_109' title='bbox 1612 2582 2086 2667; x_wconf 81' lang='lat' dir='ltr'><strong>argumentum</strong></span> <span class='ocrx_word' id='word_1_110' title='bbox 2138 2571 2585 2665; x_wconf 82' lang='lat' dir='ltr'><strong>congessisse</strong></span> 
     </span>
     <span class='ocr_line' id='line_1_18' title="bbox 422 2688 2586 2783; baseline 0 -22"><span class='ocrx_word' id='word_1_111' title='bbox 422 2712 576 2783; x_wconf 85' lang='lat' dir='ltr'><strong>quae</strong></span> <span class='ocrx_word' id='word_1_112' title='bbox 639 2691 862 2762; x_wconf 87' lang='lat' dir='ltr'><strong>minus</strong></span> <span class='ocrx_word' id='word_1_113' title='bbox 915 2688 1135 2761; x_wconf 88' lang='lat' dir='ltr'><strong>solida</strong></span> <span class='ocrx_word' id='word_1_114' title='bbox 1192 2698 1377 2773; x_wconf 86' lang='lat' dir='ltr'><strong>sunt,</strong></span> <span class='ocrx_word' id='word_1_115' title='bbox 1438 2690 1801 2783; x_wconf 89' lang='lat' dir='ltr'><strong>minusque</strong></span> <span class='ocrx_word' id='word_1_116' title='bbox 1853 2689 1935 2761; x_wconf 91' lang='lat' dir='ltr'><strong>ad</strong></span> <span class='ocrx_word' id='word_1_117' title='bbox 1990 2688 2192 2761; x_wconf 84' lang='lat' dir='ltr'><strong>finem</strong></span> <span class='ocrx_word' id='word_1_118' title='bbox 2246 2699 2426 2781; x_wconf 88' lang='lat' dir='ltr'><strong>apta.</strong></span> <span class='ocrx_word' id='word_1_119' title='bbox 2497 2690 2586 2761; x_wconf 89' lang='lat' dir='ltr'><strong>Ut</strong></span> 
     </span>
     <span class='ocr_line' id='line_1_19' title="bbox 420 2803 2582 2887; baseline -0.002 -10"><span class='ocrx_word' id='word_1_120' title='bbox 420 2806 603 2877; x_wconf 91' lang='lat' dir='ltr'><strong>enim</strong></span> <span class='ocrx_word' id='word_1_121' title='bbox 639 2803 720 2875; x_wconf 92' lang='lat' dir='ltr'><strong>ad</strong></span> <span class='ocrx_word' id='word_1_122' title='bbox 761 2805 932 2876; x_wconf 88' lang='lat' dir='ltr'><strong>hanc</strong></span> <span class='ocrx_word' id='word_1_123' title='bbox 985 2803 1498 2876; x_wconf 86' lang='lat' dir='ltr'><strong>conclusionem</strong></span> <span class='ocrx_word' id='word_1_124' title='bbox 1553 2803 1826 2875; x_wconf 90' lang='lat' dir='ltr'><strong>tandem</strong></span> <span class='ocrx_word' id='word_1_125' title='bbox 1879 2803 2219 2887; x_wconf 84' lang='lat' dir='ltr'><strong>deveniat,</strong></span> <span class='ocrx_word' id='word_1_126' title='bbox 2262 2803 2582 2875; x_wconf 88' lang='lat' dir='ltr'><strong>interval·</strong></span> 
     </span>
     <span class='ocr_line' id='line_1_20' title="bbox 418 2919 2622 3014; baseline 0 -22"><span class='ocrx_word' id='word_1_127' title='bbox 418 2922 559 2992; x_wconf 90' lang='lat' dir='ltr'><strong>lum</strong></span> <span class='ocrx_word' id='word_1_128' title='bbox 594 2921 1093 3010; x_wconf 73' lang='lat' dir='ltr'><strong>quinquaqinta</strong></span> <span class='ocrx_word' id='word_1_129' title='bbox 1125 2920 1401 2989; x_wconf 77' lang='lat' dir='ltr'><strong>circiter</strong></span> <span class='ocrx_word' id='word_1_130' title='bbox 1433 2940 1770 2991; x_wconf 81' lang='lat' dir='ltr'><strong>annorum</strong></span> <span class='ocrx_word' id='word_1_131' title='bbox 1822 2919 1906 2991; x_wconf 87' lang='lat' dir='ltr'><strong>ab</strong></span> <span class='ocrx_word' id='word_1_132' title='bbox 1960 2919 2323 3014; x_wconf 84' lang='lat' dir='ltr'><strong>Aphraatis</strong></span> <span class='ocrx_word' id='word_1_133' title='bbox 2357 2922 2581 2992; x_wconf 85' lang='lat' dir='ltr'><strong>Homi-</strong></span> <span class='ocrx_word' id='word_1_134' title='bbox 2614 2972 2622 2980; x_wconf 83' lang='lat'>-</span> 
     </span>
     <span class='ocr_line' id='line_1_21' title="bbox 417 3033 2583 3129; baseline 0 -24"><span class='ocrx_word' id='word_1_135' title='bbox 417 3037 675 3105; x_wconf 79' lang='lat' dir='ltr'><strong>liarum</strong></span> <span class='ocrx_word' id='word_1_136' title='bbox 709 3033 1222 3126; x_wconf 87' lang='lat' dir='ltr'><strong>conscriptione</strong></span> <span class='ocrx_word' id='word_1_137' title='bbox 1261 3055 1476 3126; x_wconf 90' lang='lat' dir='ltr'><strong>usque</strong></span> <span class='ocrx_word' id='word_1_138' title='bbox 1513 3033 1596 3104; x_wconf 93' lang='lat' dir='ltr'><strong>ad</strong></span> <span class='ocrx_word' id='word_1_139' title='bbox 1636 3034 1852 3127; x_wconf 91' lang='lat' dir='ltr'><strong>prima</strong></span> <span class='ocrx_word' id='word_1_140' title='bbox 1889 3035 1959 3107; x_wconf 91' lang='lat' dir='ltr'><strong>S.</strong></span> <span class='ocrx_word' id='word_1_141' title='bbox 1997 3036 2337 3129; x_wconf 82' lang='lat' dir='ltr'><strong>Ephraemi</strong></span> <span class='ocrx_word' id='word_1_142' title='bbox 2373 3056 2583 3129; x_wconf 87' lang='lat' dir='ltr'><strong>opera</strong></span> 
     </span>
     <span class='ocr_line' id='line_1_22' title="bbox 330 3148 2582 3244; baseline 0.002 -25"><span class='ocrx_word' id='word_1_143' title='bbox 330 3174 335 3179; x_wconf 88' lang='lat'><strong>·</strong></span> <span class='ocrx_word' id='word_1_144' title='bbox 418 3148 747 3221; x_wconf 88' lang='lat' dir='ltr'><strong>litteraria</strong></span> <span class='ocrx_word' id='word_1_145' title='bbox 782 3150 1048 3242; x_wconf 88' lang='lat' dir='ltr'><strong>lapsum</strong></span> <span class='ocrx_word' id='word_1_146' title='bbox 1083 3168 1267 3231; x_wconf 88' lang='lat' dir='ltr'><strong>esse,</strong></span> <span class='ocrx_word' id='word_1_147' title='bbox 1313 3149 1488 3220; x_wconf 88' lang='lat' dir='ltr'><strong>ultra</strong></span> <span class='ocrx_word' id='word_1_148' title='bbox 1539 3148 1684 3220; x_wconf 90' lang='lat' dir='ltr'><strong>veri</strong></span> <span class='ocrx_word' id='word_1_149' title='bbox 1737 3151 1844 3222; x_wconf 90' lang='lat' dir='ltr'><strong>vel</strong></span> <span class='ocrx_word' id='word_1_150' title='bbox 1895 3150 2273 3244; x_wconf 85' lang='lat' dir='ltr'><strong>probabilis</strong></span> <span class='ocrx_word' id='word_1_151' title='bbox 2327 3150 2582 3223; x_wconf 90' lang='lat' dir='ltr'><strong>limites</strong></span> 
     </span>
     <span class='ocr_line' id='line_1_23' title="bbox 417 3262 2582 3361; baseline 0.001 -26"><span class='ocrx_word' id='word_1_152' title='bbox 417 3263 676 3357; x_wconf 86' lang='lat' dir='ltr'><strong>saepius</strong></span> <span class='ocrx_word' id='word_1_153' title='bbox 735 3262 1203 3356; x_wconf 87' lang='lat' dir='ltr'><strong>progreditur,</strong></span> <span class='ocrx_word' id='word_1_154' title='bbox 1263 3262 1632 3356; x_wconf 88' lang='lat' dir='ltr'><strong>aliquando</strong></span> <span class='ocrx_word' id='word_1_155' title='bbox 1687 3264 1754 3335; x_wconf 89' lang='lat' dir='ltr'><strong>in</strong></span> <span class='ocrx_word' id='word_1_156' title='bbox 1810 3265 2209 3338; x_wconf 82' lang='lat' dir='ltr'><strong>manifestos</strong></span> <span class='ocrx_word' id='word_1_157' title='bbox 2262 3266 2582 3361; x_wconf 86' lang='lat' dir='ltr'><strong>impingit</strong></span> 
     </span>
     <span class='ocr_line' id='line_1_24' title="bbox 415 3377 2581 3474; baseline 0.002 -24"><span class='ocrx_word' id='word_1_158' title='bbox 415 3399 717 3462; x_wconf 79' lang='lat' dir='ltr'><strong>erroreS,</strong></span> <span class='ocrx_word' id='word_1_159' title='bbox 784 3377 1080 3470; x_wconf 89' lang='lat' dir='ltr'><strong>denique</strong></span> <span class='ocrx_word' id='word_1_160' title='bbox 1120 3378 1652 3461; x_wconf 61' lang='lat' dir='ltr'><strong>,ratiocinatione</strong></span> <span class='ocrx_word' id='word_1_161' title='bbox 1699 3400 1898 3473; x_wconf 85' lang='lat' dir='ltr'><strong>aequo</strong></span> <span class='ocrx_word' id='word_1_162' title='bbox 1955 3380 2253 3474; x_wconf 88' lang='lat' dir='ltr'><strong>longiori</strong></span> <span class='ocrx_word' id='word_1_163' title='bbox 2307 3390 2375 3453; x_wconf 86' lang='lat' dir='ltr'><strong>et</strong></span> <span class='ocrx_word' id='word_1_164' title='bbox 2424 3382 2581 3455; x_wconf 92' lang='lat' dir='ltr'><strong>ideo</strong></span> 
     </span>
     <span class='ocr_line' id='line_1_25' title="bbox 415 3493 2581 3589; baseline 0.004 -26"><span class='ocrx_word' id='word_1_165' title='bbox 415 3514 554 3564; x_wconf 88' lang='lat' dir='ltr'><strong>non</strong></span> <span class='ocrx_word' id='word_1_166' title='bbox 593 3514 829 3585; x_wconf 88' lang='lat' dir='ltr'><strong>parum</strong></span> <span class='ocrx_word' id='word_1_167' title='bbox 863 3493 1177 3566; x_wconf 87' lang='lat' dir='ltr'><strong>intricata</strong></span> <span class='ocrx_word' id='word_1_168' title='bbox 1211 3494 1449 3565; x_wconf 89' lang='lat' dir='ltr'><strong>utitur.</strong></span> <span class='ocrx_word' id='word_1_169' title='bbox 1493 3496 1716 3567; x_wconf 89' lang='lat' dir='ltr'><strong>Hasce</strong></span> <span class='ocrx_word' id='word_1_170' title='bbox 1772 3497 2345 3588; x_wconf 87' lang='lat' dir='ltr'><strong>reprehensiones</strong></span> <span class='ocrx_word' id='word_1_171' title='bbox 2372 3498 2581 3589; x_wconf 82' lang='lat' dir='ltr'><strong>justae</strong></span> 
     </span>
     <span class='ocr_line' id='line_1_26' title="bbox 414 3609 2579 3707; baseline 0.003 -24"><span class='ocrx_word' id='word_1_172' title='bbox 414 3610 802 3683; x_wconf 86' lang='lat' dir='ltr'><strong>severitatis</strong></span> <span class='ocrx_word' id='word_1_173' title='bbox 844 3609 1116 3681; x_wconf 89' lang='lat' dir='ltr'><strong>modum</strong></span> <span class='ocrx_word' id='word_1_174' title='bbox 1155 3631 1290 3682; x_wconf 92' lang='lat' dir='ltr'><strong>non</strong></span> <span class='ocrx_word' id='word_1_175' title='bbox 1327 3611 1662 3683; x_wconf 75' lang='lat' dir='ltr'><strong>excedeic</strong></span> <span class='ocrx_word' id='word_1_176' title='bbox 1698 3611 2029 3685; x_wconf 82' lang='lat' dir='ltr'><strong>fatebitur</strong></span> <span class='ocrx_word' id='word_1_177' title='bbox 2068 3614 2385 3707; x_wconf 88' lang='lat' dir='ltr'><strong>quisquis</strong></span> <span class='ocrx_word' id='word_1_178' title='bbox 2430 3614 2579 3706; x_wconf 87' lang='lat' dir='ltr'><strong>ejus</strong></span> 
     </span>
     <span class='ocr_line' id='line_1_27' title="bbox 411 3725 2575 3872; baseline 0.002 -73"><span class='ocrx_word' id='word_1_179' title='bbox 411 3729 780 3821; x_wconf 76' lang='lat' dir='ltr'><strong>Epistolam</strong></span> <span class='ocrx_word' id='word_1_180' title='bbox 841 3725 925 3796; x_wconf 90' lang='lat' dir='ltr'><strong>ad</strong></span> <span class='ocrx_word' id='word_1_181' title='bbox 979 3729 1286 3812; x_wconf 80' lang='lat' dir='ltr'><strong>Josuam‚</strong></span> <span class='ocrx_word' id='word_1_182' title='bbox 1351 3727 1545 3799; x_wconf 90' lang='lat' dir='ltr'><strong>initio</strong></span> <span class='ocrx_word' id='word_1_183' title='bbox 1598 3729 1964 3820; x_wconf 85' lang='lat' dir='ltr'><strong>praesentis</strong></span> <span class='ocrx_word' id='word_1_184' title='bbox 2024 3731 2339 3824; x_wconf 88' lang='lat' dir='ltr'><strong>opusculi</strong></span> <span class='ocrx_word' id='word_1_185' title='bbox 2401 3755 2575 3872; x_wconf 81' lang='lat' dir='ltr'><strong>prae·</strong></span> 
     </span>
     <span class='ocr_line' id='line_1_28' title="bbox 413 3844 1586 3938; baseline 0.002 -24"><span class='ocrx_word' id='word_1_186' title='bbox 413 3844 642 3926; x_wconf 86' lang='lat' dir='ltr'><strong>fixam,</strong></span> <span class='ocrx_word' id='word_1_187' title='bbox 683 3852 938 3915; x_wconf 86' lang='lat' dir='ltr'><strong>attenta</strong></span> <span class='ocrx_word' id='word_1_188' title='bbox 977 3856 1200 3916; x_wconf 86' lang='lat' dir='ltr'><strong>mente</strong></span> <span class='ocrx_word' id='word_1_189' title='bbox 1235 3844 1586 3938; x_wconf 89' lang='lat' dir='ltr'><strong>relegerit.</strong></span> 
     </span>
    </p>

    <p class='ocr_par' dir='ltr' id='par_1_7' title="bbox 410 3956 2578 4173">
     <span class='ocr_line' id='line_1_29' title="bbox 515 3956 2578 4056; baseline 0.003 -27"><span class='ocrx_word' id='word_1_190' title='bbox 515 3956 864 4051; x_wconf 89' lang='lat' dir='ltr'><strong>Imprimis</strong></span> <span class='ocrx_word' id='word_1_191' title='bbox 924 3959 1103 4031; x_wconf 89' lang='lat' dir='ltr'><strong>enim</strong></span> <span class='ocrx_word' id='word_1_192' title='bbox 1154 3958 1338 4053; x_wconf 90' lang='lat' dir='ltr'><strong>quod</strong></span> <span class='ocrx_word' id='word_1_193' title='bbox 1391 3959 1624 4052; x_wconf 88' lang='lat' dir='ltr'><strong>ponit,</strong></span> <span class='ocrx_word' id='word_1_194' title='bbox 1682 3961 2071 4056; x_wconf 88' lang='lat' dir='ltr'><strong>Sapientem</strong></span> <span class='ocrx_word' id='word_1_195' title='bbox 2122 3964 2402 4036; x_wconf 86' lang='lat' dir='ltr'><strong>Persam</strong></span> <span class='ocrx_word' id='word_1_196' title='bbox 2449 3986 2578 4056; x_wconf 90' lang='lat' dir='ltr'><strong>per</strong></span> 
     </span>
     <span class='ocr_line' id='line_1_30' title="bbox 410 4073 2573 4173; baseline 0.001 -24"><span class='ocrx_word' id='word_1_197' title='bbox 410 4074 658 4169; x_wconf 83' lang='lat' dir='ltr'><strong>viginti</strong></span> <span class='ocrx_word' id='word_1_198' title='bbox 702 4073 980 4148; x_wconf 87' lang='lat' dir='ltr'><strong>circiter</strong></span> <span class='ocrx_word' id='word_1_199' title='bbox 1028 4095 1274 4161; x_wconf 88' lang='lat' dir='ltr'><strong>annos,</strong></span> <span class='ocrx_word' id='word_1_200' title='bbox 1324 4075 1615 4170; x_wconf 88' lang='lat' dir='ltr'><strong>proinde</strong></span> <span class='ocrx_word' id='word_1_201' title='bbox 1663 4076 1808 4151; x_wconf 86' lang='lat' dir='ltr'><strong>fere</strong></span> <span class='ocrx_word' id='word_1_202' title='bbox 1854 4100 1893 4150; x_wconf 89' lang='lat' dir='ltr'><strong>a</strong></span> <span class='ocrx_word' id='word_1_203' title='bbox 1938 4087 2247 4173; x_wconf 88' lang='lat' dir='ltr'><strong>tempore</strong></span> <span class='ocrx_word' id='word_1_204' title='bbox 2295 4077 2573 4153; x_wconf 91' lang='lat' dir='ltr'><strong>concilii</strong></span> 
     </span>
    </p>
   </div>
   <div class='ocr_carea' id='block_1_6' title="bbox 469 4322 1226 4390">
    <p class='ocr_par' dir='ltr' id='par_1_8' title="bbox 469 4322 1226 4390">
     <span class='ocr_line' id='line_1_31' title="bbox 469 4322 1226 4390; baseline -0.001 -14"><span class='ocrx_word' id='word_1_205' title='bbox 469 4323 553 4388; x_wconf 77' lang='lat'><strong>(¹)</strong></span> <span class='ocrx_word' id='word_1_206' title='bbox 586 4322 701 4376; x_wconf 85' lang='lat' dir='ltr'><strong>vid.</strong></span> <span class='ocrx_word' id='word_1_207' title='bbox 730 4336 874 4390; x_wconf 65' lang='lat' dir='ltr'><strong>sup„</strong></span> <span class='ocrx_word' id='word_1_208' title='bbox 903 4337 955 4390; x_wconf 88' lang='lat' dir='ltr'><strong>p.</strong></span> <span class='ocrx_word' id='word_1_209' title='bbox 984 4325 1049 4375; x_wconf 77' lang='lat'><strong>16</strong></span> <span class='ocrx_word' id='word_1_210' title='bbox 1072 4336 1226 4389; x_wconf 84' lang='lat' dir='ltr'><strong>seqq.</strong></span> 
     </span>
    </p>
   </div>
  </div>
 </body>
</html>
