3175 5084
1457 449 1906 516 ...156-

604 647 826 710 exstet
860 638 945 711 de
998 638 1589 711 lucubrationibus
1642 638 1790 729 ejus
1838 637 2324 711 documentum
2376 639 2765 712 continetur

605 754 674 824 in
709 755 911 825 Libro¹
935 774 1239 845 precum,
1283 773 1482 847 quem
1520 754 1777 826 saeculo
1811 753 1871 824 X
1909 752 2285 848 Gregorius
2320 754 2763 828 Nariekensis

604 869 1038 943 concinnavit
1068 865 1170 965 (1).
1231 897 1269 935 α
1310 869 1587 952 Libros,
1644 869 1742 940 ait
1788 868 2192 962 Gregorius,
2253 872 2507 945 mundo
2560 871 2766 944 utiles

607 1005 686 1056 ac
720 984 1054 1057 salutares
1089 982 1373 1078 scripsit
1414 981 1508 1082 (S.
1550 979 1905 1083 Jacohus);
1962 983 2172 1058 rebus
2222 987 2553 1079 praeclare
2597 988 2765 1060 defi·

609 1099 776 1171 nitis
834 1107 904 1171 et
960 1098 1045 1170 ad
1097 1100 1384 1172 rationis
1434 1120 1723 1172 examen
1773 1098 2057 1185 exactis,
2116 1100 2600 1174 maledicorum
2651 1123 2769 1176 ora

609 1214 978 1301 obstruxit,
1032 1225 1104 1289 et
1161 1216 1549 1290 haereticam
1607 1225 1864 1288 sectam
1925 1216 2400 1291 obmutescere
2459 1219 2648 1305 fecit,
2702 1228 2770 1292 et
2880 1224 2887 1230 ’

611 1331 1017 1404 indelebiles
1071 1333 1346 1427 regulas
1397 1339 1729 1426 perpetuo
1781 1332 2135 1405 stabilivit.
2184 1363 2221 1399 »
2276 1336 2374 1406 Ex
2434 1334 2770 1428 ejusmodi

611 1455 831 1519 autem
881 1447 1280 1521 testimonio
1331 1448 1528 1534 nihil,
1585 1449 1685 1521 uti
1736 1456 1961 1543 patet,
2021 1450 2246 1544 quoad
2298 1471 2441 1523 rem
2495 1451 2580 1524 de
2639 1473 2772 1546 qua

612 1583 793 1634 nunc
850 1563 1222 1656 quaerimus
1283 1585 1524 1637 eruere
1586 1564 1775 1637 licet.
1840 1563 1928 1637 At
1987 1565 2307 1658 quoniam
2370 1568 2626 1639 saeculo
2686 1566 2766 1653 V,

611 1699 812 1751 aurea
847 1679 1222 1753 litterarum
1274 1680 1828 1754 Armeniaoarum
1876 1690 2099 1770 aetate‚
2137 1682 2222 1755 ab
2259 1684 2492 1756 Isaaco
2529 1686 2775 1779 Magno

613 1801 682 1866 et
742 1794 1059 1888 Mesrope
1110 1795 1400 1887 juvenes
1463 1796 1715 1869 eximio
1770 1796 2049 1891 ingenio
2109 1798 2381 1889 praediti
2443 1821 2652 1893 quum
2707 1799 2775 1870 in

615 1914 1010 1988 Graecorum
1070 1916 1458 2011 imperium,
1525 1926 1668 1989 tum
1733 1917 1802 1988 in
1865 1917 2129 2012 Syriam
2197 1918 2394 1991 missi
2454 1926 2640 2001 sunt,
2707 1929 2780 1989 ut

616 2030 944 2102 litteraria
978 2031 1246 2103 illarum
1279 2032 1587 2125 gentium
1625 2039 2059 2104 monumenta
2098 2031 2541 2106 addiscerent
2579 2040 2778 2126 atque

620 2149 688 2220 in
726 2148 1157 2241 popularium
1206 2171 1406 2221 usum
1461 2150 2099 2241 interpretarentur,
2143 2149 2423 2221 dubium
2477 2170 2635 2222 esse
2669 2149 2781 2222 vix

617 2272 876 2359 potest,
920 2286 998 2337 ea
1049 2273 1482 2359 tempestate,
1524 2265 1708 2337 sicut
1760 2266 1967 2337 multa
2024 2286 2232 2357 opera
2280 2266 2650 2357 Ephraemi,
2691 2265 2784 2336 ita

621 2381 824 2454 etiam
862 2380 1206 2472 Sapientis
1243 2383 1475 2454 Persae
1507 2382 1836 2452 Humilias
1885 2379 2287 2452 Armeniaca
2320 2380 2593 2454 civitate
2629 2402 2785 2453 esse

622 2498 910 2570 donatas
971 2499 1072 2590 (a).
1137 2499 1228 2571 Ut
1282 2498 1463 2570 enim
1527 2507 1811 2581 taceam,
1878 2497 2084 2568 hasce
2142 2498 2469 2568 Homilias
2529 2497 2689 2568 inde
2748 2519 2786 2569 a

625 2614 880 2686 saeculo
914 2613 1001 2685 v1
1038 2613 1495 2704 scriptoribus
1550 2612 1851 2706 Syriacis
1886 2612 1997 2684 vix
2024 2612 2163 2704 jam
2202 2620 2398 2684 notas
2434 2612 2677 2698 fuisse,
2720 2622 2787 2685 et

625 2735 812 2801 certe
871 2728 1299 2813 auctoritate,
1375 2728 1467 2800 ita
1527 2738 1605 2800 ut
1672 2749 1787 2800 eas
1858 2737 2123 2800 vertere
2194 2748 2423 2820 operae
2490 2728 2808 2820 pretium*
2911 2779 2918 2783 -

624 2844 840 2916 videri
877 2844 1238 2936 potuisset,
1295 2844 1575 2916 omnino
1631 2842 1964 2926 caruisse,
2023 2841 2270 2934 peritia
2316 2842 2574 2936 linguae
2624 2843 2789 2914 Ara-

557 3018 561 3023 .
628 2982 838 3044 imeae,
882 2960 1158 3032 minime
1192 2959 1522 3053 vulgariS,
1566 2979 1767 3051 quam
1803 2979 1947 3049 prae
1984 2978 2059 3029 se
2096 2958 2227 3029 fert
2266 2958 2663 3043 translator,
2704 2960 2790 3030 ad

627 3083 935 3167 tempora
972 3073 1084 3145 illa
1120 3073 1397 3166 antiqua
1442 3094 1569 3144 nos
1624 3072 1895 3165 delegat
1929 3071 2180 3164 quibus
2215 3072 2368 3144 duae
2405 3072 2540 3143 illae
2575 3070 2792 3145 natio-

629 3214 752 3264 nes
788 3191 1349 3284 frequentissimo
1401 3188 1815 3262 commercio
1871 3187 2108 3259 intime
2144 3186 2526 3278 conjunctae
2569 3195 2787 3260 erant.

629 3306 850 3391 Adde,
883 3307 1072 3398 juxta
1117 3306 1420 3378 Sassium
1460 3301 1560 3403 (3),
1604 3305 1673 3375 in
1721 3304 2040 3376 versione
2078 3300 2481 3374 Armeniaca
2539 3302 2795 3377 formas

633 3423 995 3495 nonnullas
1030 3422 1575 3516 grammaticales
1629 3420 1884 3514 linguae
1934 3420 2425 3493 vetustissimae
2478 3420 2797 3513 proprias

634 3537 948 3630 reperiri,
1005 3538 1227 3632 qualis
1288 3546 1395 3611 est
1453 3536 1933 3629 conjunctivus
1993 3534 2328 3629 temporis
2381 3534 2793 3628 imperfecti,

635 3656 754 3749 qui
789 3656 990 3730 etiam
1024 3656 1202 3749 apud
1239 3656 1561 3729 Faustum
1598 3655 2068 3749 Byzantinum,
2110 3662 2459 3725 auctorem
2511 3660 2800 3725 exeunte

703 3920 776 3983 (t)
808 3921 907 3986 Ap.
934 3915 1303 3980 Antonellum,
1329 3928 1417 3981 op.
1447 3916 1561 3976 cit„
1589 3913 1742 3983 praet.
1770 3928 1863 3982 pp.
1890 3916 1949 3967 tt
1979 3919 2035 3967 et
2057 3914 2141 3967 42.

699 4002 775 4064 (2)
810 3998 917 4054 cfr.
943 3997 1183 4063 Sassius,
1207 3998 1455 4067 Proteqq.
1481 4000 1539 4052 in
1567 3997 1871 4063 Anni-aazia
1892 4009 2166 4051 sermones
2182 3997 2417 4051 homilet.
2430 4033 2446 4061 ,
2467 4011 2522 4064 p.
2540 3997 2607 4050 24
2623 4009 2805 4062 seqq„

640 4083 733 4139 ubi
760 4084 916 4152 plura
959 4089 1124 4150 atque
1158 4082 1403 4137 doctiora
1439 4083 1508 4136 de
1552 4080 1931 4136 translationis
1967 4079 2302 4135 Armeniacae
2336 4085 2496 4135 aetate
2529 4084 2587 4134 et
2625 4077 2809 4132 indole

641 4165 1078 4234 suppeditantur.

706 4251 780 4312 (3)
813 4249 913 4312 op.
940 4254 990 4342 ft
1017 4251 1112 4302 loc.
1140 4249 1256 4302 citt.
