3175 5084
1269 516 1678 581 ..39-

382 714 649 781 Domini
711 712 861 779 vult
921 709 1234 779 habitare
1297 727 1429 776 non
1499 704 1902 798 soeneratur.
1974 706 2261 795 Insuper
2330 711 2552 773 autem

380 830 718 918 scriptum
781 836 914 909 est,
957 825 1024 895 in
1085 845 1240 895 eum
1296 821 1414 915 qui
1479 842 1615 893 non
1679 822 2248 925 foeneratur‚·nec
2306 841 2553 892 usuras

377 942 622 1035 exigit,
666 961 889 1033 neque
933 940 1140 1011 ullam
1177 937 1540 1010 committit
1588 957 1668 1007 ex
1715 935 2334 1007 abominationibus
2378 956 2552 1028 quas

378 1068 699 1131 recenset
736 1057 1049 1127 Ezechiel
1107 1057 1318 1126 Deum
1369 1053 1775 1125 benevolum
1825 1072 1980 1124 esse
2017 1049 2117 1147 (t).
2176 1052 2346 1123 Sunt
2399 1053 2550 1144 qui-

379 1176 534 1245 dam
586 1175 722 1244 hoc
756 1182 1066 1264 tempore
1102 1172 1218 1264 qui
1244 1169 1391 1241 *vim
1430 1169 1499 1238 in
1538 1169 1873 1261 regimine
1910 1168 2235 1238 adhibent
2270 1176 2338 1238 et
2365 1167 2548 1257 J'udi-

378 1289 562 1359 cium
602 1295 1025 1379 pervertunt,
1073 1285 1509 1356 admittentes
1555 1304 2004 1375 personarum
2051 1283 2544 1374 acceptionem.

382 1402 583 1474 Reos*
617 1401 980 1471 absolvunt
1033 1409 1101 1470 et
1155 1398 1474 1469 damnant
1522 1398 1962 1478 innocentes;
2026 1397 2274 1469 divites
2323 1396 2552 1467 favore

378 1526 896 1611 prosequuntur
930 1524 997 1587 et
1029 1536 1362 1607 pauperes
1399 1513 1559 1586 odio
1599 1514 1880 1595 habent;
1916 1513 2190 1605 seipsos
2227 1520 2543 1604 pascunt,

377 1652 806 1727 gregemque
851 1631 1287 1722 dispergunt.
1339 1629 1635 1699 Mundus
1687 1649 1807 1699 eos
1859 1627 2255 1699 obcaecavit.
2307 1627 2551 1697 Amant

378 1768 689 1829 munera,
732 1746 1071 1836 repellunt
1124 1743 1541 1836 aequitatem,
1600 1743 2224 1834 reprehensionem·
2260 1742 2551 1813 oderunt

378 1870 450 1933 et
483 1862 783 1953 diligunt
819 1860 1349 1951 improbitatem.
1396 1858 1726 1928 Homines
1781 1858 2072 1928 humiles
2122 1865 2544 1939 aversantur,

378 1979 449 2047 in
490 1978 736 2057 elatOS,
795 1979 1194 2067 arrogantes
1247 1981 1317 2044 et
1368 1973 1708 2064 superbos
1759 1972 2114 2063 propensi.
2176 1973 2250 2040 ln
2305 1972 2550 2043 diebus

378 2113 620 2164 eorum
681 2091 793 2160 lux
855 2089 1214 2160 obscurata
1267 2097 1398 2170 est,
1467 2087 1566 2157 sal
1624 2087 1997 2179 insipidum
2058 2087 2335 2169 factum,
2395 2088 2551 2159 doc·

376 2208 560 2279 trina
590 2205 896 2276 tenebris
949 2203 1267 2275 obvoluta
1295 2202 1503 2293 jacet,
1548 2202 1656 2273 lex
1710 2202 2116 2294 negligitur;
2167 2203 2365 2275 vinea
2399 2224 2550 2275 vas·

377 2330 518 2396 tata
587 2322 714 2393 fuit
782 2330 849 2392 et
912 2320 1198 2413 protulit
1270 2319 1542 2410 spinas;
1624 2319 2123 2390 dormientibus
2191 2320 2547 2413 agricolis,

379 2439 704 2509 inimicus
760 2436 1009 2507 zizania
1073 2457 1193 2506 sua
1256 2434 1639 2504 seminavit.
1711 2437 2183 2505 Intumuerunt
2261 2436 2548 2515 fluctus,

380 2552 664 2623 invaluit
702 2551 1029 2643 procella,
1073 2558 1165 2630 et,
1210 2548 1435 2619 nautis
1473 2570 1718 2618 somno
1756 2548 2033 2634 deditis,
2073 2569 2307 2621 eorum
2344 2571 2550 2623 naves

380 2669 762 2740 submersae
799 2667 1012 2738 fuere.
1058 2665 1299 2736 Clausa
1352 2673 1460 2736 est
1516 2666 1646 2747 lex,
1690 2664 1919 2736 divina
1976 2675 2316 2758 praecepta
2368 2667 2551 2737 obsi-

378 2792 587 2877 gnata
624 2791 808 2864 sunt,
853 2801 979 2851 nec
1012 2779 1268 2872 populo
1306 2779 1633 2850 sacerdos
1684 2780 2066 2851 dissimilis,
2111 2781 2553 2874 Magistratus

312 2960 323 2965 -
378 2899 555 2991 petit
592 2898 793 2978 dona,
828 2896 1038 2988 judex
1077 2895 1209 2967 sibi
1255 2916 1533 2966 munera
1584 2895 1811 2966 afferri
1857 2896 2080 2986 jubet,
2131 2896 2248 2988 qui
2301 2907 2551 2988 praeest

380 3036 509 3105 pro
581 3012 863 3082 arbitrio
935 3011 1160 3081 omnia
1236 3009 1565 3101 disponit.
1634 3010 2112 3103 „Contemnunt
2180 3032 2547 3103 paupereS,

381 3129 677 3198 miseros
728 3147 765 3195 a
820 3146 896 3196 se
950 3126 1315 3216 repellunt.
1377 3125 1446 3194 Si
1501 3125 1667 3216 quid
1721 3125 2095 3196 vorandum
2161 3125 2548 3216 objiciatur,

376 3242 758 3336 praedicant
793 3261 1056 3332 pacem,
1103 3240 1168 3309 in
1221 3261 1373 3310 eum
1426 3249 1648 3309 autem
1701 3240 1817 3332 qui
1871 3240 2040 3309 nihil
2078 3239 2377 3310 alimenti
2418 3240 2553 3311 sibi

380 3357 779 3449 suppeditat
818 3356 1067 3426 bellum
1106 3354 1506 3424 annuntiant
1541 3352 1647 3446 (εγ.
1694 3353 2190 3425 Abominantur
2217 3354 2551 3445 judicium

379 3485 449 3544 et
486 3473 714 3543 omnia
751 3478 934 3543 recta
990 3479 1422 3561 pervertunt;
1482 3469 1823 3540 aedificant
1877 3469 2040 3540 Sion
2095 3469 2163 3539 in
2219 3470 2553 3563 sanguine

447 3713 522 3774 (ι)
556 3709 661 3762 Cfr.
692 3710 882 3761 Ezech.
915 3712 1092 3769 xvm,
1119 3714 1167 3761 8.

448 3794 526 3854 (Ξ)
563 3794 686 3843 Haec
708 3804 773 3843 ex
800 3790 954 3845 mich.
990 3793 1080 3851 ΙΙι,
1106 3794 1157 3853 5,
1188 3791 1297 3844 fere
1315 3792 1643 3844 adlitoeram
1670 3794 1956 3859 desumpta
1981 3799 2128 3847 sunt.
2153 3797 2230 3848 lta
2254 3798 2400 3849 enim
2426 3797 2551 3851 ille:

378 3895 410 3923 «
436 3876 539 3940 Qui
565 3875 818 3928 mordent
841 3875 1096 3927 dentibus
1123 3875 1257 3935 suis,
1285 3882 1339 3927 et
1365 3876 1663 3942 praedicant
1686 3889 1871 3943 pacem
1892 3894 1906 3939 ς
1928 3886 1982 3931 et
1999 3880 2044 3930 si
2062 3879 2186 3946 quis
2214 3893 2322 3933 non
2348 3881 2556 3935 dederit

381 3958 437 4009 in
465 3970 563 4013 ore
585 3969 775 4010 eorum
800 3957 1100 4022 quippiam,
1141 3956 1452 4010 santificant
1485 3972 1651 4023 super
1689 3972 1815 4011 eum
1848 3960 2112 4026 praelium.
2142 3979 2172 4009 >2
2197 3963 2402 4027 Quibus
2428 3964 2554 4015 Vul-

378 4047 522 4109 gatae
546 4039 728 4093 verbis
746 4041 961 4106 Syriaca
981 4041 1069 4093 hic
1091 4041 1317 4095 omnino
1336 4042 1706 4095 consentiunt.
1737 4045 2130 4110 propositionis
2153 4053 2332 4100 autem
2359 4061 2556 4100 sensus

380 4123 527 4187 apud
553 4123 870 4187 aphraatem
902 4122 988 4173 hic
1012 4129 1133 4175 est:
1168 4126 1362 4175 pravos
1388 4123 1511 4177 illos
1547 4124 1850 4177 animarum
1896 4133 2163 4193 pastores,
2208 4134 2370 4195 prout
2407 4141 2554 4182 com·

382 4204 545 4255 moda
590 4211 643 4255 et
689 4205 832 4257 bona
881 4205 1154 4256 terrestria
1203 4206 1270 4256 ab
1312 4205 1497 4272 aliquo
1542 4219 1818 4272 accepere,
1861 4211 1944 4262 vel
1987 4221 2118 4274 non,
2160 4209 2337 4263 eidem
2379 4209 2553 4264 fausta

384 4282 634 4351 laetaque3
661 4287 742 4340 vel
769 4286 1001 4340 infausta
1026 4288 1207 4341 omnia
1235 4286 1533 4342 vaticinari.
