3175 5084
1508 432 1956 499 „126-

634 641 871 692 eorum
905 642 1059 714 quae
1094 623 1287 714 prius
1323 624 1700 718 scripserat
1755 626 1937 699 velut
1990 580 2360 720 poenitens,
2403 631 2533 702 hoc
2590 630 2791 702 modo

635 737 957 828 proponit
1010 738 1159 829 ipse
1212 737 1550 833 Georgius
1587 736 1663 837 (1)
1707 766 1724 812 ε
1777 769 1813 807 α
1847 742 2132 815 Etiamsi
2186 744 2551 819 dicendum
2605 756 2789 818 esset

617 852 877 944 -partim
946 853 1313 939 convenire
1380 864 1689 948 tempora
1755 857 2005 951 quibus
2075 860 2365 954 Sapiens
2444 863 2654 934 Persa
2720 874 2789 935 et

631 969 703 1040 S.
748 971 1149 1063 Ephraemus
1199 972 1538 1057 vixerunt,
1581 975 1687 1045 vel
1740 975 1943 1047 etiam
2000 985 2305 1070 tempora
2358 978 2610 1071 quibus
2664 979 2784 1051 do-

629 1094 938 1168 cuerunt,
980 1086 1215 1181 negari
1248 1108 1382 1160 non
1430 1098 1661 1180 potest
1713 1090 2040 1182 priorem,
2081 1092 2240 1163 dum
2291 1094 2463 1165 alter
2516 1093 2782 1165 adoles-

628 1211 838 1290 ceret,
866 1200 1003 1292 jam
1041 1209 1238 1275 aetate
1275 1212 1671 1295 provectum
1708 1203 1948 1277 fuisse.
1999 1234 2035 1270 »

624 1504 976 1577 PRIORIS
1003 1503 1315 1577 PARTIS
1343 1506 1839 1580 CONCLUSIO
1868 1508 1977 1589 ET
2004 1509 2410 1582 MONITUM
2440 1508 2757 1613 FINALE

719 1734 883 1821 Quae
918 1733 1005 1805 de
1042 1735 1403 1826 Aphraatis
1458 1735 1677 1817 nostri
1711 1734 1847 1807 vita
1883 1758 1964 1808 ex
2000 1736 2394 1808 auctoribus
2431 1747 2499 1808 et
2537 1759 2775 1809 monu-

620 1850 868 1920 mentis
904 1849 1204 1942 antiquis
1240 1850 1648 1943 conquirere
1679 1851 2027 1943 potuimus
2067 1853 2135 1922 in
2173 1853 2296 1922 hac
2334 1852 2551 1944 prima
2586 1863 2781 1945 parte
2852 1897 2856 1901 ·

620 1964 904 2035 collecta
938 1965 1174 2037 habes.
1211 1966 1432 2037 Unum
1471 1966 1881 2038 monendum
1919 1977 2151 2053 restat,
2182 1967 2423 2039 sedulo
2458 1966 2783 2040 videlicet

617 2072 1176 2174 distinguendum
1212 2091 1557 2154 auctorem
1615 2081 1702 2155 de
1762 2103 1898 2176 quo
1961 2082 2314 2177 hucusque
2368 2084 2634 2178 egimus
2690 2084 2775 2154 ab

615 2196 770 2267 aliis
838 2197 1005 2270 viris
1075 2198 1325 2291 quibus
1404 2199 1588 2270 circa
1671 2199 1854 2269 illam
1924 2208 2190 2271 aetatem
2265 2200 2445 2272 idem
2526 2222 2773 2272 nomen

613 2312 998 2401 Aphraates
1035 2333 1157 2384 seu
1195 2314 1525 2385 Pharitad
1556 2314 1684 2385 fuit
1718 2311 1813 2410 (τε).
1860 2315 2049 2386 Istud
2104 2314 2285 2386 euim
2336 2296 2769 2397 vocabulum,

614 2448 698 2498 ex
751 2429 1097 2500 radicibus
1161 2428 1463 2500 Persicis
1525 2428 1928 2513 derivatum,
1988 2431 2257 2501 videtur
2315 2431 2557 2524 primis
2618 2453 2775 2503 aerae

612 2547 1001 2619 christianae
1037 2547 1311 2619 saeculis
1365 2548 1431 2617 in
1485 2547 1771 2619 Perside
1803 2546 2360 2640 frequentissime
2397 2548 2772 2620 adhibitum

613 2665 853 2737 fuisse.

711 2783 795 2852 Et
854 2800 1020 2853 sane
1073 2779 1142 2849 in
1196 2781 1666 2874 martyrologio
1716 2783 2018 2874 Syriaco,
2082 2789 2243 2852 ante
2296 2803 2356 2853 a.
2419 2778 2562 2851 412
2615 2803 2766 2854 exa-

611 2904 783 2979 rato,
826 2895 1010 2990 quod
1062 2895 1153 2967 cl.
1198 2894 1580 2989 Wrightius
1616 2896 1876 2989 publici
1903 2896 2083 2988 juris
2139 2896 2326 2980 fecit,
2369 2896 2550 2970 inter
2595 2919 2767 2968 mar—

611 3023 795 3107 tyres
831 3012 1104 3103 natione
1143 3013 1390 3084 Persas
1426 3011 1989 3104 temporibusque
2017 3011 2357 3083 Simeonis
2387 3012 2769 3084 Barsaboes

608 3138 677 3201 et
729 3118 1133 3201 Schahdosti
1160 3123 1260 3224 (3),
1319 3127 1648 3199 Seleuciae
1700 3134 1903 3220 atque
1958 3127 2427 3220 Ctesiphontis
2481 3128 2763 3221 Episco-

607 3236 878 3337 poru'm‚
920 3243 1374 3335 antiquioreS,
1426 3251 1825 3333 recensetur
1872 3241 2249 3335 Aphraates
2302 3242 2605 3335 quidam,
2648 3243 2767 3336 qui

671 3490 746 3553 (ι)
779 3490 932 3556 sup„
959 3502 1014 3555 p.
1039 3488 1125 3540 28.

671 3572 746 3638 (Ξ)
779 3570 885 3626 cfr.
913 3569 1229 3639 Wrigbtius‚
1272 3569 1384 3623 The
1429 3570 1677 3623 homilias
1720 3571 1782 3635 of
1819 3571 2152 3635 Αρὴνααιεε,
2193 3570 2345 3638 praer.
2389 3585 2483 3639 pp.
2524 3574 2556 3626 7
2602 3578 2656 3627 et
2699 3575 2790 3657 83¹

603 3653 840 3717 SassiuS,
862 3653 1249 3719 Proteqomena
1273 3652 1335 3704 in
1358 3651 1663 3715 Apnraatis
1695 3665 1969 3705 sermones
1995 3653 2258 3717 homilet„
2283 3667 2337 3721 p.
2363 3654 2420 3717 8,
2445 3666 2502 3721 n.¹
2530 3656 2608 3707 ¹0.

666 3738 740 3801 (5)
775 3736 993 3790 Simeon
1044 3735 1334 3792 Barsaboe.
1383 3734 1474 3801 qui
1523 3748 1670 3789 anno
1714 3737 1813 3788 526
1857 3735 1940 3789 vel
1987 3738 2088 3789 555
2133 3734 2434 3803 Episcopus
2478 3737 2762 3792 ordinatus

603 3817 796 3882 fuerat,
844 3830 987 3872 anno
1032 3821 1125 3871 54¹
1159 3818 1317 3880 obiit,
1359 3823 1656 3884 martyrum
1699 3818 1756 3871 in
1801 3818 2072 3889 Saporica·
2097 3818 2453 3886 quadraginta
2492 3833 2762 3874 annorum

600 3903 976 3969 persecutione
1012 3908 1394 3957 coronatorum
1429 3902 1846 3969 antesignanus;
1873 3902 2030 3970 cujus
2069 3914 2356 3965 successor
2393 3902 2762 3956 Scbahdostus

599 3985 787 4039 eodem
814 3986 975 4040 modo
1011 3999 1156 4039 anno
1194 3984 1443 4052 sequenti
1470 3984 1634 4037 vitam
1662 3996 1761 4051 pro
1785 3983 1998 4037 Christo
2034 3981 2290 4050 profudit.
2319 3982 2426 4038 Cfr.
2456 3983 2759 4037 Barhebraei

603 4066 904 4122 chronicon
930 4069 1365 4130 ecclesiasticum,
1390 4074 1524 4120 sect.
1554 4069 1623 4129 ΙΙ,
1647 4068 1752 4120 col.
1777 4068 1864 4128 55,
1889 4068 1975 4129 56,
1997 4068 2064 4119 59
2095 4073 2150 4119 et
2190 4068 2274 4130 40,
2314 4073 2368 4119 et
2396 4064 2490 4120 alii
2515 4068 2638 4134 AA„
2663 4064 2758 4132 qui

506 4150 511 4154 ’
599 4152 675 4204 ibi
702 4153 1029 4215 indicantur,
1055 4151 1327 4219 praecipue
1354 4157 1532 4204 tamen
1557 4153 1635 4204 St.
1665 4153 1720 4204 E.
1750 4150 2029 4204 Assemani
2053 4149 2193 4204 Acta
2227 4157 2537 4215 martyrum
2562 4151 2756 4205 orient.

598 4240 647 4287 et
671 4237 905 4288 occident
932 4273 944 4296 ‚
978 4237 1017 4297 Ι,
1043 4250 1134 4301 pp.
1161 4236 1194 4287 Ξ
1218 4241 1271 4287 et
1295 4235 1379 4287 84.
