3175 5084
1249 439 1660 504 ...37-

381 625 464 697 iis
499 626 576 723 (1)
613 647 766 719 quae
800 626 910 697 vel
948 626 1015 695 in
1051 622 1253 707 coelo,
1297 627 1405 696 vel
1443 625 1509 694 in
1547 632 1755 708 terra,
1791 626 1896 696 vel
1936 626 2135 697 etiarn
2185 625 2545 718 utrobique

381 740 549 811 facta
577 748 765 811 sunt.

471 855 824 947 Ejusmodi
896 854 1345 926 similitudine
1416 877 1584 926 usus
1648 862 1755 925 est
1823 862 1891 925 et
1952 855 2241 946 Sapiens
2306 857 2536 928 Persa.

378 970 551 1041 Dicit
588 970 769 1042 enim
807 969 876 1039 in
918 972 1404 1040 Discat-tatione
1437 970 1520 1040 de
1563 965 1929 1050 charitate,
1975 969 2543 1060 quemadmodum

377 1087 522 1177 ipsa
592 1085 1009 1156 Fraternitas
1069 1094 1182 1155 tua
1245 1083 1533 1175 scripsit
1599 1109 1612 1153 :
1676 1111 1711 1147 c<
1757 1084 1858 1154 Ne
1916 1092 2140 1156 autem
2205 1085 2540 1168 fastidiaS‚

377 1202 588 1272 amice
639 1201 757 1282 mi,
802 1207 1138 1271 assertum
1189 1199 1369 1292 quod
1415 1199 1541 1268 tibi
1594 1199 1876 1290 protuli,
1914 1199 2127 1269 Deum
2175 1221 2302 1291 per
2353 1200 2546 1270 dimi-

376 1317 549 1386 diam
587 1325 850 1406 partem
901 1315 1103 1393 unius
1155 1314 1419 1384 dierum
1473 1334 1756 1384 suorum
1802 1314 2155 1406 ignovisse
2216 1316 2542 1386 Hieroso-

377 1430 599 1523 lymae.
648 1429 763 1500 Sic
800 1430 977 1499 enim
1017 1429 1299 1520 scripsit
1355 1427 1566 1498 David
1622 1428 1689 1496 in
1728 1429 1994 1518 psalmo
2032 1429 2478 1521 nonagesimo
2523 1454 2536 1498 :

375 1547 560 1616 Mille
618 1547 788 1613 anni
832 1557 990 1614 ante
1044 1545 1268 1613 oculos
1324 1544 1588 1612 Domini
1640 1556 1966 1631 tanquam
2028 1545 2172 1614 dies
2230 1538 2548 1614 hesterna

373 1680 520 1749 quoe
539 1659 879 1747 proeteriit
916 1654 1012 1752 (2).
1062 1657 1419 1748 Sapientes
1449 1677 1725 1748 quoque
1754 1655 2076 1728 doctores
2105 1657 2324 1728 nostri
2354 1679 2542 1729 asse-

375 1787 555 1860 runt,
602 1776 954 1858 mundum,
997 1775 1175 1846 sicut
1238 1775 1416 1844 intra
1452 1793 1571 1843 sex
1622 1774 1771 1843 dies
1829 1797 1865 1844 a
1912 1775 2052 1846 Deo
2089 1783 2359 1846 creatus
2395 1775 2544 1861 fuit,
2643 1832 2650 1837 .

376 1899 488 1978 ita,
562 1893 929 1984 completis
997 1914 1118 1964 sex
1172 1912 1501 1961 annorum
1552 1890 1881 1973 millibus,
1956 1891 2365 1963 dissolutum
2429 1892 2542 1977 iri,

374 2015 810 2104 futurumque
857 2011 978 2081 Dei
1037 2010 1391 2081 sabbatum
1431 2009 1616 2078 illius
1654 2008 1915 2079 sabbati
1955 2008 2170 2081 instar
2205 2009 2388 2101 quod
2426 2029 2546 2079 sex

375 2130 520 2200 dies
558 2127 930 2199 creationis
969 2125 1262 2215 excepit.
1305 2152 1340 2187 2)

470 2247 621 2338 Ego
650 2263 841 2324 vero,
871 2263 1022 2313 cum
1053 2240 1319 2311 audiam
1353 2241 1797 2320 Salvatorem,
1825 2242 2038 2311 Deum
2067 2262 2145 2311 ac
2184 2241 2545 2312 Dominum

375 2368 682 2431 nostrum
733 2359 969 2429 Jesum
1034 2351 1413 2433 Christum,
1457 2362 1616 2445 post
1671 2376 1860 2425 suam
1899 2377 1936 2424 a
1984 2357 2275 2426 mortuis
2321 2376 2547 2426 resur-

374 2476 743 2545 rectionem
781 2493 818 2541 a
855 2470 1221 2561 discipulis
1259 2469 1780 2561 interrogatum,
1813 2482 2039 2541 utrum
2069 2480 2379 2563 tempore
2416 2471 2547 2540 hoc

376 2589 607 2660 Israeli
646 2607 933 2679 regnum
964 2593 1151 2656 esset
1181 2584 1653 2666 restituturuS‚
1691 2584 1914 2676 iisque
1954 2586 2485 2677 respondentem
2523 2610 2536 2653 :

373 2709 509 2779 Non
554 2717 656 2775 cst
698 2713 999 2773 vestrum
1046 2720 1239 2787 nosse
1276 2710 1574 2789 tempora
1611 2702 1717 2770 vel
1756 2713 2114 2786 momenta,
2156 2725 2308 2792 quoe
2343 2706 2546 2773 Pater

365 2822 592 2910 posuit
626 2823 702 2888 in
732 2839 862 2888 sua
889 2825 1224 2906 potestate
1250 2815 1368 2909 (3);
1405 2816 1760 2906 parvitatis
1793 2837 1958 2887 meae
1994 2819 2159 2887 mihi
2191 2819 2538 2901 consciuS‚

372 2946 443 3006 ut
489 2936 706 3006 idiota
759 2934 918 3004 dico
973 2957 986 3002 :
1043 2931 1279 3002 Annos
1334 2932 1450 3023 qui
1517 2932 1600 3000 ab
1665 2931 1861 3002 initio
1924 2934 2154 3004 mundi
2219 2936 2545 3006 hactenus

372 3050 780 3131 effluxerint,
840 3048 949 3120 vel
999 3068 1214 3116 annos
1261 3046 1592 3144 deinceps
1642 3047 1721 3115 ad
1773 3047 1975 3117 finem
2028 3069 2246 3140 usque
2313 3050 2545 3120 mundi

369 3168 662 3247 futurOS,
705 3165 812 3236 vel
850 3163 1052 3234 etiam
1092 3183 1307 3232 annos
1346 3161 1427 3231 ab
1467 3162 1614 3253 eJ'us
1652 3163 1933 3233 exordio
1964 3185 2182 3256 usque
2220 3166 2301 3234 ad
2340 3165 2541 3237 finem

371 3280 901 3361 intercedenteS‚
940 3297 1140 3347 nemo
1167 3277 1345 3347 inter
1381 3296 1623 3347 omnes
1649 3278 1964 3350 homines
1992 3287 2100 3350 est
2132 3280 2248 3371 qui
2282 3301 2541 3373 cogno-

368 3397 562 3477 verit,
615 3401 990 3487 cognoscat
1043 3401 1155 3461 aut
1204 3392 1609 3483 cogniturus
1661 3392 1790 3474 sit;
1836 3404 1928 3476 et,
1996 3404 2068 3464 ut
2127 3396 2341 3484 majus
2378 3396 2542 3488 quid

370 3514 614 3594 dicam,
684 3529 906 3602 neque
972 3508 1237 3600 angelis
1303 3517 1536 3578 notum
1602 3529 1757 3579 esse
1819 3518 1985 3600 puto
2049 3521 2319 3603 tempus
2384 3511 2542 3585 finis

372 3627 630 3709 mundi,
683 3627 837 3716 ipso
892 3623 1184 3693 Domino
1244 3631 1483 3693 nostro
1538 3633 1694 3695 ante
1745 3625 2163 3716 passionem,
2223 3638 2537 3710 mortem,

374 3761 701 3834 suamque
762 3761 799 3809 a
853 3739 1145 3808 mortuis
1208 3739 1786 3810 resurrectionem
1848 3741 2118 3814 dicente
2180 3743 2543 3836 discipulis

437 3990 504 4050 (ι)
537 3986 792 4063 uste-⁹⁷?
837 3979 1028 4055 32³·ko
1073 3999 1221 4075 τ’»
1260 3998 1409 4075 >05³⁰
1439 3986 1626 4059 μώρῳ
1652 4030 1666 4045 .
1696 3986 1774 4038 Ad
1819 3986 2049 4041 litteram
2080 4007 2091 4042 :
2121 3991 2542 4046 similitudinem

374 4087 608 4150 aliquam
632 4100 705 4141 ew
727 4090 911 4142 causis
939 4101 1143 4140 rerum.
1174 4088 1323 4152 Quod
1351 4087 1483 4140 mibi
1510 4088 1663 4141 reddi
1690 4100 1853 4156 posse
1877 4089 2055 4142 visum
2096 4100 2181 4145 est
2221 4105 2318 4157 per
2358 4105 2543 4159 quam-

376 4167 491 4221 dam
519 4171 826 4238 hendiadyn
855 4190 868 4225 ε
898 4170 1326 4224 similitudinem
1351 4176 1515 4238 acque
1539 4173 1810 4227 rationem
1836 4187 1906 4226 ex
1930 4175 2060 4228 iic...

437 4252 507 4316 (2)
546 4256 630 4305 ps,
660 4256 901 4306 Lxxxlx
925 4253 1004 4317 (in
1033 4254 1191 4307 Hebr.
1220 4256 1339 4316 xc),
1367 4256 1418 4307 4.

440 4336 511 4397 (5)
547 4337 654 4390 cfr.
684 4341 806 4392 Act.
837 4339 1052 4403 Apost,
1082 4341 1121 4404 1,
1149 4342 1199 4390 7.
