3175 5084
856 815 897 909 §
943 815 1013 888 2.
1074 837 1379 891 Erisrotae
1432 837 1680 904 uuonan
1729 836 1946 885 carm
2000 835 2164 885 rma.

524 1059 914 1134 Venerandi
942 1058 1248 1153 Georgii,
1277 1059 1607 1151 Episcopi
1636 1058 2242 1139 Thanuohaeorum‚
2266 1056 2597 1148 Tughaeo-

417 1199 581 1247 rum
618 1183 688 1247 et
720 1175 1193 1257 Akulensium‚
1236 1194 1650 1266 responsum
1690 1175 1774 1244 ad
1812 1172 2101 1266 quaesita
2139 1190 2410 1254 novem,
2453 1171 2598 1263 qui-

423 1292 563 1364 bus
598 1291 827 1382 ipsum
862 1289 1311 1381 interrogavit
1344 1290 1708 1382 presbyter
1745 1290 2056 1359 reclusus
2089 1289 2324 1359 Josue.

528 1404 803 1498 Atmanti
851 1413 918 1475 et
970 1402 1237 1474 timenti
1292 1404 1532 1487 Deum,
1589 1403 1781 1472 fratri
1832 1401 2171 1493 spirituali
2225 1409 2293 1472 et
2343 1401 2595 1473 dilecto

425 1519 499 1588 in
562 1519 866 1602 Christo,
924 1518 1068 1588 Mar
1108 1519 1349 1602 Josue,
1392 1516 1801 1610 presbytero
1855 1526 1924 1587 et
1969 1517 2242 1586 recluso
2292 1515 2359 1584 in
2416 1534 2594 1609 pago

421 1632 646 1717 Anah,
689 1632 1053 1726 Georgius,
1093 1654 1347 1726 parvus
1384 1633 1450 1701 in
1489 1632 1780 1703 Domino
1818 1630 1921 1724 (t),
1965 1631 2278 1701 salutem.

524 1748 630 1819 Ne
661 1755 851 1840 putet
876 1747 1303 1819 Fraternitas,
1329 1755 1443 1818 tua
1477 1747 1887 1828 veneranda,
1930 1767 2014 1818 ex
2050 1747 2157 1819 sui
2194 1752 2589 1837 contemptu

418 1864 533 1934 vel
570 1885 652 1935 ex
686 1863 1033 1935 oblivione
1068 1871 1183 1937 aut
1218 1862 1640 1959 negligentia
1675 1864 2029 1954 hucusque
2067 1870 2396 1932 moratum
2434 1880 2591 1932 esse

421 1997 534 2047 me
570 1977 937 2069 quominus
971 1997 1099 2069 pro
1137 1975 1380 2068 exigua
1418 1997 1566 2045 mea
1603 1976 1917 2046 facultate
1954 1975 2447 2066 responderem
2483 1974 2586 2043 in-

416 2082 1035 2183 terrogationibus,
1089 2110 1259 2182 quas
1312 2090 1575 2181 scripto
1628 2090 2069 2182 consignatas
2119 2089 2202 2160 ad
2241 2110 2348 2160 me
2400 2088 2589 2159 misit
2653 2084 2659 2089 ’

413 2227 546 2297 per
604 2215 869 2281 castum
920 2202 995 2301 (a)
1047 2205 1447 2298 Georgium,
1505 2207 1880 2297 patruelem
1936 2227 2136 2276 suum
2183 2214 2250 2276 ot
2308 2205 2585 2275 fratrem

413 2322 868 2414 spiritualem.
921 2321 1211 2393 Noverit
1264 2331 1485 2392 autem
1537 2321 1889 2392 dilationis
1937 2321 2112 2392 hane
2163 2321 2378 2393 fuisse
2432 2342 2587 2394 eau-

414 2458 565 2506 sam
609 2461 623 2507 :
668 2458 847 2508 nune
895 2436 1175 2529 quidem
1222 2434 1783 2527 impedimentum
1827 2437 2258 2529 negotiorum
2304 2457 2458 2528 quae
2501 2436 2586 2507 ad

330 2560 335 2564 ’
416 2572 529 2622 me
566 2561 698 2621 tam
735 2552 920 2622 domi
957 2572 1159 2644 quam
1208 2550 1379 2622 foris
1418 2558 1760 2642 spectant,
1820 2572 2002 2623 nuno
2055 2570 2214 2623 vero
2268 2552 2583 2643 eorporis

414 2664 878 2751 infirmitates,
916 2686 1071 2757 quae
1106 2665 1292 2748 huic,
1335 2672 1539 2757 prout
1572 2673 1900 2747 meretur,
1939 2686 2101 2737 vere
2152 2665 2586 2737 adhaeserunt

412 2787 484 2848 et
544 2777 760 2849 affixae
820 2789 1003 2851 sunt.
1069 2778 1158 2850 At
1220 2779 1290 2848 in
1351 2779 1703 2872 praesenti,
1770 2780 2089 2871 quoniam
2150 2782 2233 2850 ab
2295 2790 2582 2874 utraque

413 2894 730 2964 molestia
776 2893 1123 2985 paululum
1167 2895 1510 2986 respirare
1556 2894 1722 2964 mihi
1771 2893 1956 2977 lieet,
2013 2894 2393 2979 confidens,
2432 2894 2581 2967 fore

408 3017 485 3078 ut
523 3016 805 3099 propter
840 3008 1191 3079 orationes
1239 3018 1511 3080 sanetas
1550 3008 2021 3080 Frater-nitatis
2065 3019 2198 3082 tuae
2249 3011 2579 3082 Dominus

414 3122 509 3195 ad
565 3124 696 3195 hoc
756 3143 933 3214 opus
994 3122 1529 3195 imbecillitatem
1584 3144 1800 3195 meam
1853 3125 2218 3210 confortet,
2277 3126 2578 3201 conabor

401 3390 469 3439 At
495 3385 789 3452 quominus
812 3384 900 3437 hio
932 3384 1078 3437 illam
1120 3386 1621 3452 interpretationem
1666 3388 1946 3440 admittam
1986 3389 2094 3442 duo
2130 3391 2347 3443 obstare
2385 3391 2570 3444 viden·

401 3476 495 3523 tm·
522 3487 534 3522 z
562 3476 826 3535 punctum
852 3467 1063 3523 scilieet
1083 3469 1331 3522 ultimam
1353 3471 1602 3524 vocabuli
1629 3516 1642 3531 ,
1666 3471 1821 3549 μμ,
1846 3470 2077 3525 litteram
2103 3473 2398 3538 excipiens,
2424 3476 2570 3542 quod

400 3571 567 3627 finem
596 3569 986 3636 propositionis
1011 3569 1094 3623 vel
1122 3570 1281 3624 incisi
1324 3571 1437 3626 fere
1479 3573 1710 3639 indicat,
1750 3582 1805 3628 et
1831 3569 2104 3623 ordinaria
2142 3574 2399 3638 Syrorum
2443 3588 2569 3642 syn·

400 3650 802 3718 iax1s;qufppe
827 3652 919 3719 qui
946 3651 1234 3719 infinitivo,
1261 3657 1438 3721 qualis
1477 3667 1560 3713 est
1586 3663 1804 3729 proprie
1844 3654 2008 3744 lfa-ao
2047 3646 2204 3747 (ξ)7
2238 3668 2430 3711 vocem
2472 3660 2567 3712 de·

394 3754 803 3814 manantem.
828 3758 888 3807 nt
919 3735 1135 3817 1-ῑῦιᾶ
1164 3782 1179 3809 ,
1208 3762 1556 3827 postponere,
1581 3763 1688 3815 nisi
1708 3763 1881 3828 fallor,
1899 3776 2010 3819 non
2035 3776 2352 3831 praeponere
2367 3763 2564 3817 solent.

465 3860 537 3924 (Ξ)
604 3852 744 3923 μω
806 3854 1068 3918 primario
1091 3863 1179 3910 est
1208 3864 1408 3923 castus,
1436 3865 1787 3929 verecundati,
1814 3868 2099 3927 modestiae,
2123 3866 2436 3930 continens;
2462 3881 2566 3923 usu

396 3961 582 4007 autem
607 3946 976 4007 ecelesiastico
1017 3956 1189 4007 evasit
1225 3956 1451 4011 honoris
1487 3972 1708 4023 nomen,
1734 3964 2033 4028 monachis,
2061 3967 2252 4029 utpote
2285 3964 2566 4018 continen-

394 4039 527 4093 tiam
566 4044 620 4092 et
653 4036 956 4093 castitatem
991 4037 1276 4106 professis,
1302 4041 1468 4097 tribui
1505 4044 1749 4111 solitum,
1775 4047 1966 4101 eodem
2006 4048 2171 4103 modo
2209 4062 2321 4114 quo
2361 4061 2562 4107 nomen

390 4120 743 4186 adjectivum,
780 4116 982 4189 Lm..
1021 4129 1261 4188 sanctus,
1291 4125 1439 4190 piu-5,
1466 4127 1532 4180 de
1566 4128 1849 4194 Episcopis
1876 4132 2191 4186 reverentiae
2224 4133 2562 4187 declarandae

390 4229 563 4273 causa
582 4219 828 4273 adhiberi
854 4223 1157 4277 consuevit.
