<?xml version="1.0" encoding="UTF-8"?>
<!DOCTYPE html PUBLIC "-//W3C//DTD XHTML 1.0 Transitional//EN"
    "http://www.w3.org/TR/xhtml1/DTD/xhtml1-transitional.dtd">
<html xmlns="http://www.w3.org/1999/xhtml" xml:lang="en" lang="en">
 <head>
  <title>
</title>
<meta http-equiv="Content-Type" content="text/html;charset=utf-8" />
  <meta name='ocr-system' content='tesseract 3.04.00' />
  <meta name='ocr-capabilities' content='ocr_page ocr_carea ocr_par ocr_line ocrx_word'/>
</head>
<body>
  <div class='ocr_page' id='page_1' title='image "./devitaetscripti00forggoog_0125.png"; bbox 0 0 3175 5084; ppageno 0'>
   <div class='ocr_carea' id='block_1_1' title="bbox 1250 467 1696 533">
    <p class='ocr_par' dir='ltr' id='par_1_1' title="bbox 1250 467 1696 533">
     <span class='ocr_line' id='line_1_1' title="bbox 1250 467 1696 533; baseline 0.002 -19"><span class='ocrx_word' id='word_1_1' title='bbox 1250 467 1696 533; x_wconf 65' lang='grc'>,103-</span> 
     </span>
    </p>
   </div>
   <div class='ocr_carea' id='block_1_2' title="bbox 384 642 2547 864">
    <p class='ocr_par' dir='ltr' id='par_1_2' title="bbox 384 642 2547 864">
     <span class='ocr_line' id='line_1_2' title="bbox 384 642 2547 749; baseline 0.001 -25"><span class='ocrx_word' id='word_1_2' title='bbox 384 654 555 724; x_wconf 89' lang='lat' dir='ltr'><strong>tium</strong></span> <span class='ocrx_word' id='word_1_3' title='bbox 582 654 742 738; x_wconf 85' lang='lat' dir='ltr'><strong>lata,</strong></span> <span class='ocrx_word' id='word_1_4' title='bbox 767 644 814 718; x_wconf 77' lang='grc' dir='ltr'><em>ἀ</em></span> <span class='ocrx_word' id='word_1_5' title='bbox 849 673 934 726; x_wconf 90' lang='lat' dir='ltr'><strong>ne</strong></span> <span class='ocrx_word' id='word_1_6' title='bbox 961 654 1334 726; x_wconf 87' lang='lat' dir='ltr'><strong>monachus</strong></span> <span class='ocrx_word' id='word_1_7' title='bbox 1369 642 1484 746; x_wconf 88' lang='lat' dir='ltr'><strong>qui</strong></span> <span class='ocrx_word' id='word_1_8' title='bbox 1523 675 1746 747; x_wconf 88' lang='lat' dir='ltr'><strong>neque</strong></span> <span class='ocrx_word' id='word_1_9' title='bbox 1780 655 2139 749; x_wconf 76' lang='lat' dir='ltr'><strong>presbyter</strong></span> <span class='ocrx_word' id='word_1_10' title='bbox 2176 663 2286 728; x_wconf 89' lang='lat' dir='ltr'><strong>est</strong></span> <span class='ocrx_word' id='word_1_11' title='bbox 2327 677 2547 749; x_wconf 88' lang='lat' dir='ltr'><strong>neque</strong></span> 
     </span>
     <span class='ocr_line' id='line_1_3' title="bbox 388 758 2543 864; baseline -0.002 -26"><span class='ocrx_word' id='word_1_12' title='bbox 388 768 748 852; x_wconf 75' lang='lat' dir='ltr'><strong>diaconuS,</strong></span> <span class='ocrx_word' id='word_1_13' title='bbox 781 758 787 764; x_wconf 73' lang='grc'>’</span> <span class='ocrx_word' id='word_1_14' title='bbox 816 767 1055 840; x_wconf 80' lang='lat' dir='ltr'><strong>audeat</strong></span> <span class='ocrx_word' id='word_1_15' title='bbox 1116 788 1411 860; x_wconf 89' lang='lat' dir='ltr'><strong>unquam</strong></span> <span class='ocrx_word' id='word_1_16' title='bbox 1466 769 1959 840; x_wconf 88' lang='lat' dir='ltr'><strong>Eucharistiam</strong></span> <span class='ocrx_word' id='word_1_17' title='bbox 2019 770 2375 864; x_wconf 82' lang='lat' dir='ltr'><strong>porrigere</strong></span> <span class='ocrx_word' id='word_1_18' title='bbox 2442 796 2456 839; x_wconf 93' lang='lat'>:</span> <span class='ocrx_word' id='word_1_19' title='bbox 2509 799 2543 834; x_wconf 87' lang='lat'>»</span> 
     </span>
    </p>
   </div>
   <div class='ocr_carea' id='block_1_3' title="bbox 390 898 2547 1009">
    <p class='ocr_par' dir='ltr' id='par_1_3' title="bbox 390 898 2547 1009">
     <span class='ocr_line' id='line_1_4' title="bbox 390 898 2547 1009; baseline -0.003 0"><span class='ocrx_word' id='word_1_20' title='bbox 390 908 591 1009; x_wconf 50' lang='lat' dir='ltr'><strong>xm</strong></span> <span class='ocrx_word' id='word_1_21' title='bbox 673 923 916 998; x_wconf 50' lang='lat' dir='ltr'><strong>aaa:</strong></span> <span class='ocrx_word' id='word_1_22' title='bbox 1002 906 1044 989; x_wconf 76' lang='lat' dir='ltr'>u</span> <span class='ocrx_word' id='word_1_23' title='bbox 1131 906 1476 988; x_wconf 54' lang='lat' dir='ltr'><strong>m</strong></span> <span class='ocrx_word' id='word_1_24' title='bbox 1536 898 1602 988; x_wconf 63' lang='lat' dir='ltr'><strong>a</strong></span> <span class='ocrx_word' id='word_1_25' title='bbox 1679 934 1778 1004; x_wconf 61' lang='grc' dir='ltr'><strong>ορ·</strong></span> <span class='ocrx_word' id='word_1_26' title='bbox 1852 908 2097 990; x_wconf 58' lang='lat' dir='ltr'><strong>tum</strong></span> <span class='ocrx_word' id='word_1_27' title='bbox 2165 910 2299 1002; x_wconf 45' lang='grc' dir='ltr'><strong>ὡς</strong></span> <span class='ocrx_word' id='word_1_28' title='bbox 2360 909 2547 1003; x_wconf 54' lang='grc' dir='ltr'><strong>μμ,</strong></span> 
     </span>
    </p>
   </div>
   <div class='ocr_carea' id='block_1_4' title="bbox 395 1049 2548 1150">
    <p class='ocr_par' dir='ltr' id='par_1_4' title="bbox 395 1049 2548 1150">
     <span class='ocr_line' id='line_1_5' title="bbox 395 1049 2548 1150; baseline 0.003 -27"><span class='ocrx_word' id='word_1_29' title='bbox 395 1105 411 1123; x_wconf 95' lang='grc'><strong>.</strong></span> <span class='ocrx_word' id='word_1_30' title='bbox 465 1049 737 1129; x_wconf 63' lang='lat' dir='ltr'><strong>heia-o</strong></span> <span class='ocrx_word' id='word_1_31' title='bbox 790 1059 985 1128; x_wconf 88' lang='lat' dir='ltr'><strong>Illum</strong></span> <span class='ocrx_word' id='word_1_32' title='bbox 1049 1066 1270 1129; x_wconf 90' lang='lat' dir='ltr'><strong>autem</strong></span> <span class='ocrx_word' id='word_1_33' title='bbox 1332 1079 1555 1142; x_wconf 90' lang='lat' dir='ltr'><strong>usum,</strong></span> <span class='ocrx_word' id='word_1_34' title='bbox 1632 1080 1669 1129; x_wconf 90' lang='lat' dir='ltr'><strong>a</strong></span> <span class='ocrx_word' id='word_1_35' title='bbox 1736 1059 1977 1150; x_wconf 91' lang='lat' dir='ltr'><strong>primis</strong></span> <span class='ocrx_word' id='word_1_36' title='bbox 2047 1058 2548 1131; x_wconf 85' lang='lat' dir='ltr'><strong>Christianismi</strong></span> 
     </span>
    </p>
   </div>
   <div class='ocr_carea' id='block_1_5' title="bbox 387 1180 2719 1272">
    <p class='ocr_par' dir='ltr' id='par_1_5' title="bbox 387 1180 2719 1272">
     <span class='ocr_line' id='line_1_6' title="bbox 387 1180 2719 1272; baseline 0 -21"><span class='ocrx_word' id='word_1_37' title='bbox 387 1182 668 1253; x_wconf 87' lang='lat' dir='ltr'><strong>saeculis</strong></span> <span class='ocrx_word' id='word_1_38' title='bbox 716 1181 1090 1263; x_wconf 85' lang='lat' dir='ltr'><strong>inductum,</strong></span> <span class='ocrx_word' id='word_1_39' title='bbox 1143 1180 1225 1251; x_wconf 89' lang='lat' dir='ltr'><strong>ad</strong></span> <span class='ocrx_word' id='word_1_40' title='bbox 1284 1188 1558 1251; x_wconf 86' lang='lat' dir='ltr'><strong>nostros</strong></span> <span class='ocrx_word' id='word_1_41' title='bbox 1612 1201 1830 1272; x_wconf 91' lang='lat' dir='ltr'><strong>usque</strong></span> <span class='ocrx_word' id='word_1_42' title='bbox 1876 1181 2025 1253; x_wconf 88' lang='lat' dir='ltr'><strong>dies</strong></span> <span class='ocrx_word' id='word_1_43' title='bbox 2074 1200 2551 1272; x_wconf 89' lang='lat' dir='ltr'><strong>perseverasse</strong></span> <span class='ocrx_word' id='word_1_44' title='bbox 2590 1180 2597 1187; x_wconf 80' lang='grc'>’</span> <span class='ocrx_word' id='word_1_45' title='bbox 2715 1226 2719 1233; x_wconf 90' lang='grc'><strong>-</strong></span> 
     </span>
    </p>
   </div>
   <div class='ocr_carea' id='block_1_6' title="bbox 386 1294 2551 1505">
    <p class='ocr_par' dir='ltr' id='par_1_6' title="bbox 386 1294 2551 1505">
     <span class='ocr_line' id='line_1_7' title="bbox 386 1294 2551 1388; baseline 0 -23"><span class='ocrx_word' id='word_1_46' title='bbox 386 1304 729 1367; x_wconf 82' lang='lat' dir='ltr'><strong>testantur</strong></span> <span class='ocrx_word' id='word_1_47' title='bbox 761 1294 1171 1388; x_wconf 83' lang='lat' dir='ltr'><strong>quicumque</strong></span> <span class='ocrx_word' id='word_1_48' title='bbox 1221 1294 1303 1365; x_wconf 91' lang='lat' dir='ltr'><strong>de</strong></span> <span class='ocrx_word' id='word_1_49' title='bbox 1342 1294 1465 1365; x_wconf 87' lang='lat' dir='ltr'><strong>hac</strong></span> <span class='ocrx_word' id='word_1_50' title='bbox 1503 1294 1781 1366; x_wconf 88' lang='lat' dir='ltr'><strong>materia</strong></span> <span class='ocrx_word' id='word_1_51' title='bbox 1818 1295 2268 1387; x_wconf 86' lang='lat' dir='ltr'><strong>scripserunt.</strong></span> <span class='ocrx_word' id='word_1_52' title='bbox 2313 1297 2551 1387; x_wconf 91' lang='lat' dir='ltr'><strong>Neque</strong></span> 
     </span>
     <span class='ocr_line' id='line_1_8' title="bbox 389 1410 2550 1505; baseline 0.001 -24"><span class='ocrx_word' id='word_1_53' title='bbox 389 1410 461 1481; x_wconf 92' lang='lat' dir='ltr'><strong>id</strong></span> <span class='ocrx_word' id='word_1_54' title='bbox 514 1411 710 1505; x_wconf 88' lang='lat' dir='ltr'><strong>Syris</strong></span> <span class='ocrx_word' id='word_1_55' title='bbox 761 1418 1017 1480; x_wconf 82' lang='lat' dir='ltr'><strong>tantum</strong></span> <span class='ocrx_word' id='word_1_56' title='bbox 1081 1410 1434 1502; x_wconf 89' lang='lat' dir='ltr'><strong>proprium</strong></span> <span class='ocrx_word' id='word_1_57' title='bbox 1487 1420 1630 1492; x_wconf 90' lang='lat' dir='ltr'><strong>est,</strong></span> <span class='ocrx_word' id='word_1_58' title='bbox 1682 1411 2021 1503; x_wconf 90' lang='lat' dir='ltr'><strong>siquidem</strong></span> <span class='ocrx_word' id='word_1_59' title='bbox 2057 1410 2232 1504; x_wconf 90' lang='lat' dir='ltr'><strong>apud</strong></span> <span class='ocrx_word' id='word_1_60' title='bbox 2276 1411 2550 1483; x_wconf 84' lang='lat' dir='ltr'><strong>Graecos</strong></span> 
     </span>
    </p>
   </div>
   <div class='ocr_carea' id='block_1_7' title="bbox 284 1516 2544 1619">
    <p class='ocr_par' dir='ltr' id='par_1_7' title="bbox 284 1516 2544 1619">
     <span class='ocr_line' id='line_1_9' title="bbox 284 1516 2544 1619; baseline -0 -22"><span class='ocrx_word' id='word_1_61' title='bbox 284 1584 291 1588; x_wconf 90' lang='lat'><strong>.</strong></span> <span class='ocrx_word' id='word_1_62' title='bbox 389 1516 733 1619; x_wconf 86' lang='lat' dir='ltr'><strong>hodieque</strong></span> <span class='ocrx_word' id='word_1_63' title='bbox 757 1524 1116 1596; x_wconf 83' lang='lat' dir='ltr'><strong>coenobitae</strong></span> <span class='ocrx_word' id='word_1_64' title='bbox 1143 1524 1210 1593; x_wconf 93' lang='lat' dir='ltr'><strong>in</strong></span> <span class='ocrx_word' id='word_1_65' title='bbox 1242 1524 1408 1596; x_wconf 86' lang='lat' dir='ltr'><strong>duas</strong></span> <span class='ocrx_word' id='word_1_66' title='bbox 1431 1525 1914 1597; x_wconf 87' lang='lat' dir='ltr'><strong>discernuntur</strong></span> <span class='ocrx_word' id='word_1_67' title='bbox 1940 1527 2226 1609; x_wconf 82' lang='lat' dir='ltr'><strong>classes,</strong></span> <span class='ocrx_word' id='word_1_68' title='bbox 2266 1548 2544 1618; x_wconf 79' lang='lat' dir='ltr'><strong>quarum</strong></span> 
     </span>
    </p>
   </div>
   <div class='ocr_carea' id='block_1_8' title="bbox 384 1640 2546 2179">
    <p class='ocr_par' dir='ltr' id='par_1_8' title="bbox 387 1640 2147 1734">
     <span class='ocr_line' id='line_1_10' title="bbox 387 1640 2147 1734; baseline 0.001 -23"><span class='ocrx_word' id='word_1_69' title='bbox 387 1641 598 1712; x_wconf 74' lang='lat' dir='ltr'><strong>altera</strong></span> <span class='ocrx_word' id='word_1_70' title='bbox 628 1645 936 1732; x_wconf 81' lang='grc' dir='ltr'><em>μοναχοὺς,</em></span> <span class='ocrx_word' id='word_1_71' title='bbox 971 1648 1360 1734; x_wconf 80' lang='grc' dir='ltr'><em>ἱερομονάχους</em></span> <span class='ocrx_word' id='word_1_72' title='bbox 1393 1640 1603 1711; x_wconf 78' lang='lat' dir='ltr'><strong>altera</strong></span> <span class='ocrx_word' id='word_1_73' title='bbox 1646 1641 2147 1733; x_wconf 77' lang='lat' dir='ltr'><strong>complectitur.</strong></span> 
     </span>
    </p>

    <p class='ocr_par' dir='ltr' id='par_1_9' title="bbox 384 1754 2546 2179">
     <span class='ocr_line' id='line_1_11' title="bbox 487 1754 2546 1848; baseline 0.001 -22"><span class='ocrx_word' id='word_1_74' title='bbox 487 1758 588 1827; x_wconf 84' lang='lat' dir='ltr'><strong>Ex</strong></span> <span class='ocrx_word' id='word_1_75' title='bbox 627 1756 833 1827; x_wconf 89' lang='lat' dir='ltr'><strong>dictis</strong></span> <span class='ocrx_word' id='word_1_76' title='bbox 868 1755 1078 1848; x_wconf 81' lang='lat' dir='ltr'><strong>igitur</strong></span> <span class='ocrx_word' id='word_1_77' title='bbox 1125 1754 1363 1848; x_wconf 90' lang='lat' dir='ltr'><strong>liquet,</strong></span> <span class='ocrx_word' id='word_1_78' title='bbox 1422 1756 1687 1829; x_wconf 88' lang='lat' dir='ltr'><strong>etiamsi</strong></span> <span class='ocrx_word' id='word_1_79' title='bbox 1738 1756 2011 1828; x_wconf 86' lang='lat' dir='ltr'><strong>daretur</strong></span> <span class='ocrx_word' id='word_1_80' title='bbox 2061 1766 2433 1840; x_wconf 76' lang='lat' dir='ltr'><strong>auctorem,</strong></span> <span class='ocrx_word' id='word_1_81' title='bbox 2480 1760 2546 1828; x_wconf 92' lang='lat' dir='ltr'><strong>in</strong></span> 
     </span>
     <span class='ocr_line' id='line_1_12' title="bbox 384 1870 2538 1964; baseline 0.001 -22"><span class='ocrx_word' id='word_1_82' title='bbox 384 1872 607 1943; x_wconf 90' lang='lat' dir='ltr'><strong>inciso</strong></span> <span class='ocrx_word' id='word_1_83' title='bbox 646 1871 731 1941; x_wconf 93' lang='lat' dir='ltr'><strong>de</strong></span> <span class='ocrx_word' id='word_1_84' title='bbox 767 1891 903 1964; x_wconf 93' lang='lat' dir='ltr'><strong>quo</strong></span> <span class='ocrx_word' id='word_1_85' title='bbox 943 1870 1140 1941; x_wconf 88' lang='lat' dir='ltr'><strong>nobis</strong></span> <span class='ocrx_word' id='word_1_86' title='bbox 1176 1891 1402 1942; x_wconf 86' lang='lat' dir='ltr'><strong>sermo</strong></span> <span class='ocrx_word' id='word_1_87' title='bbox 1439 1880 1545 1942; x_wconf 92' lang='lat' dir='ltr'><strong>est</strong></span> <span class='ocrx_word' id='word_1_88' title='bbox 1588 1871 1976 1946; x_wconf 85' lang='lat' dir='ltr'><strong>condendo.</strong></span> <span class='ocrx_word' id='word_1_89' title='bbox 2019 1872 2101 1941; x_wconf 83' lang='lat' dir='ltr'><strong>ad</strong></span> <span class='ocrx_word' id='word_1_90' title='bbox 2142 1873 2538 1954; x_wconf 90' lang='lat' dir='ltr'><strong>monachos,</strong></span> 
     </span>
     <span class='ocr_line' id='line_1_13' title="bbox 385 1989 2544 2083; baseline 0 -21"><span class='ocrx_word' id='word_1_91' title='bbox 385 1992 691 2083; x_wconf 82' lang='lat' dir='ltr'><strong>collegas</strong></span> <span class='ocrx_word' id='word_1_92' title='bbox 767 2010 966 2073; x_wconf 91' lang='lat' dir='ltr'><strong>suos,</strong></span> <span class='ocrx_word' id='word_1_93' title='bbox 1045 1990 1467 2082; x_wconf 83' lang='lat' dir='ltr'><strong>respexisse,</strong></span> <span class='ocrx_word' id='word_1_94' title='bbox 1538 1989 2165 2081; x_wconf 83' lang='lat' dir='ltr'><strong>interpretationem</strong></span> <span class='ocrx_word' id='word_1_95' title='bbox 2235 2000 2544 2062; x_wconf 78' lang='lat' dir='ltr'><strong>nostram</strong></span> 
     </span>
     <span class='ocr_line' id='line_1_14' title="bbox 387 2106 2543 2179; baseline 0 -2"><span class='ocrx_word' id='word_1_96' title='bbox 387 2108 576 2179; x_wconf 91' lang='lat' dir='ltr'><strong>nullo</strong></span> <span class='ocrx_word' id='word_1_97' title='bbox 615 2107 818 2178; x_wconf 91' lang='lat' dir='ltr'><strong>modo</strong></span> <span class='ocrx_word' id='word_1_98' title='bbox 857 2106 1266 2178; x_wconf 87' lang='lat' dir='ltr'><strong>labefactari.</strong></span> <span class='ocrx_word' id='word_1_99' title='bbox 1305 2146 1395 2158; x_wconf 81' lang='lat'>—</span> <span class='ocrx_word' id='word_1_100' title='bbox 1428 2106 1761 2177; x_wconf 77' lang='lat' dir='ltr'><strong>Caeterum</strong></span> <span class='ocrx_word' id='word_1_101' title='bbox 1823 2129 1975 2178; x_wconf 87' lang='lat' dir='ltr'><strong>cum</strong></span> <span class='ocrx_word' id='word_1_102' title='bbox 2041 2109 2126 2178; x_wconf 93' lang='lat' dir='ltr'><strong>de</strong></span> <span class='ocrx_word' id='word_1_103' title='bbox 2180 2110 2301 2179; x_wconf 86' lang='lat' dir='ltr'><strong>hac</strong></span> <span class='ocrx_word' id='word_1_104' title='bbox 2360 2110 2543 2179; x_wconf 89' lang='lat' dir='ltr'><strong>viros</strong></span> 
     </span>
    </p>
   </div>
   <div class='ocr_carea' id='block_1_9' title="bbox 305 2222 2626 2436">
    <p class='ocr_par' dir='ltr' id='par_1_10' title="bbox 305 2222 2626 2436">
     <span class='ocr_line' id='line_1_15' title="bbox 384 2222 2626 2311; baseline -0.002 -17"><span class='ocrx_word' id='word_1_105' title='bbox 384 2224 831 2294; x_wconf 85' lang='lat' dir='ltr'><strong>doctissimos</strong></span> <span class='ocrx_word' id='word_1_106' title='bbox 866 2222 1127 2293; x_wconf 89' lang='lat' dir='ltr'><strong>Bickell</strong></span> <span class='ocrx_word' id='word_1_107' title='bbox 1156 2231 1222 2292; x_wconf 91' lang='lat' dir='ltr'><strong>et</strong></span> <span class='ocrx_word' id='word_1_108' title='bbox 1259 2222 1463 2292; x_wconf 88' lang='lat' dir='ltr'><strong>Sasse</strong></span> <span class='ocrx_word' id='word_1_109' title='bbox 1497 2223 1880 2294; x_wconf 87' lang='lat' dir='ltr'><strong>contrarios</strong></span> <span class='ocrx_word' id='word_1_110' title='bbox 1918 2224 2116 2294; x_wconf 91' lang='lat' dir='ltr'><strong>nobis</strong></span> <span class='ocrx_word' id='word_1_111' title='bbox 2154 2223 2542 2311; x_wconf 88' lang='lat' dir='ltr'><strong>habeamus,</strong></span> <span class='ocrx_word' id='word_1_112' title='bbox 2618 2282 2626 2289; x_wconf 86' lang='lat'><strong>.</strong></span> 
     </span>
     <span class='ocr_line' id='line_1_16' title="bbox 305 2334 2536 2436; baseline 0 -26"><span class='ocrx_word' id='word_1_113' title='bbox 305 2431 312 2436; x_wconf 21' lang='lat'>⁸</span> <span class='ocrx_word' id='word_1_114' title='bbox 385 2360 534 2410; x_wconf 85' lang='lat' dir='ltr'><strong>eam</strong></span> <span class='ocrx_word' id='word_1_115' title='bbox 562 2340 854 2432; x_wconf 90' lang='lat' dir='ltr'><strong>quisque</strong></span> <span class='ocrx_word' id='word_1_116' title='bbox 885 2338 1287 2409; x_wconf 89' lang='lat' dir='ltr'><strong>sententiam</strong></span> <span class='ocrx_word' id='word_1_117' title='bbox 1304 2334 1583 2431; x_wconf 81' lang='lat' dir='ltr'><strong>seligat,</strong></span> <span class='ocrx_word' id='word_1_118' title='bbox 1620 2359 1771 2430; x_wconf 84' lang='lat' dir='ltr'><strong>quae</strong></span> <span class='ocrx_word' id='word_1_119' title='bbox 1799 2339 1931 2410; x_wconf 90' lang='lat' dir='ltr'><strong>sibi</strong></span> <span class='ocrx_word' id='word_1_120' title='bbox 1963 2340 2179 2432; x_wconf 83' lang='lat' dir='ltr'><strong>magis</strong></span> <span class='ocrx_word' id='word_1_121' title='bbox 2208 2340 2536 2411; x_wconf 85' lang='lat' dir='ltr'><strong>arriserit.</strong></span> 
     </span>
    </p>
   </div>
   <div class='ocr_carea' id='block_1_10' title="bbox 382 2454 2545 3123">
    <p class='ocr_par' dir='ltr' id='par_1_11' title="bbox 382 2454 2545 3123">
     <span class='ocr_line' id='line_1_17' title="bbox 382 2454 2545 2547; baseline 0 -22"><span class='ocrx_word' id='word_1_122' title='bbox 382 2454 489 2525; x_wconf 86' lang='lat' dir='ltr'><strong>Ab</strong></span> <span class='ocrx_word' id='word_1_123' title='bbox 549 2455 723 2546; x_wconf 91' lang='lat' dir='ltr'><strong>ipsis</strong></span> <span class='ocrx_word' id='word_1_124' title='bbox 783 2454 1095 2546; x_wconf 90' lang='lat' dir='ltr'><strong>equidem</strong></span> <span class='ocrx_word' id='word_1_125' title='bbox 1164 2462 1445 2547; x_wconf 90' lang='lat' dir='ltr'><strong>propter</strong></span> <span class='ocrx_word' id='word_1_126' title='bbox 1503 2454 1802 2526; x_wconf 88' lang='lat' dir='ltr'><strong>rationes</strong></span> <span class='ocrx_word' id='word_1_127' title='bbox 1865 2455 2211 2547; x_wconf 86' lang='lat' dir='ltr'><strong>expositas</strong></span> <span class='ocrx_word' id='word_1_128' title='bbox 2285 2456 2545 2547; x_wconf 90' lang='lat' dir='ltr'><strong>absque</strong></span> 
     </span>
     <span class='ocr_line' id='line_1_18' title="bbox 384 2567 2541 2663; baseline 0 -23"><span class='ocrx_word' id='word_1_129' title='bbox 384 2569 765 2641; x_wconf 83' lang='lat' dir='ltr'><strong>temeritate</strong></span> <span class='ocrx_word' id='word_1_130' title='bbox 816 2567 1167 2639; x_wconf 83' lang='lat' dir='ltr'><strong>dissentiri</strong></span> <span class='ocrx_word' id='word_1_131' title='bbox 1220 2588 1427 2660; x_wconf 89' lang='lat' dir='ltr'><strong>posse</strong></span> <span class='ocrx_word' id='word_1_132' title='bbox 1479 2567 1758 2659; x_wconf 90' lang='lat' dir='ltr'><strong>opinor;</strong></span> <span class='ocrx_word' id='word_1_133' title='bbox 1803 2576 1870 2639; x_wconf 90' lang='lat' dir='ltr'><strong>et</strong></span> <span class='ocrx_word' id='word_1_134' title='bbox 1917 2570 2098 2652; x_wconf 91' lang='lat' dir='ltr'><strong>ideo,</strong></span> <span class='ocrx_word' id='word_1_135' title='bbox 2142 2579 2541 2663; x_wconf 83' lang='lat' dir='ltr'><strong>argumento</strong></span> 
     </span>
     <span class='ocr_line' id='line_1_19' title="bbox 386 2684 2543 2778; baseline 0.001 -23"><span class='ocrx_word' id='word_1_136' title='bbox 386 2685 570 2778; x_wconf 92' lang='lat' dir='ltr'><strong>quod</strong></span> <span class='ocrx_word' id='word_1_137' title='bbox 609 2705 692 2755; x_wconf 85' lang='lat' dir='ltr'><strong>ex</strong></span> <span class='ocrx_word' id='word_1_138' title='bbox 727 2685 849 2754; x_wconf 85' lang='lat' dir='ltr'><strong>hac</strong></span> <span class='ocrx_word' id='word_1_139' title='bbox 884 2684 1355 2776; x_wconf 89' lang='lat' dir='ltr'><strong>propositione</strong></span> <span class='ocrx_word' id='word_1_140' title='bbox 1391 2705 1515 2775; x_wconf 89' lang='lat' dir='ltr'><strong>pro</strong></span> <span class='ocrx_word' id='word_1_141' title='bbox 1551 2684 1893 2775; x_wconf 87' lang='lat' dir='ltr'><strong>Sapientis</strong></span> <span class='ocrx_word' id='word_1_142' title='bbox 1931 2686 2161 2755; x_wconf 84' lang='lat' dir='ltr'><strong>Persae</strong></span> <span class='ocrx_word' id='word_1_143' title='bbox 2213 2685 2543 2778; x_wconf 86' lang='lat' dir='ltr'><strong>dignitate</strong></span> 
     </span>
     <span class='ocr_line' id='line_1_20' title="bbox 385 2799 2544 2893; baseline 0 -21"><span class='ocrx_word' id='word_1_144' title='bbox 385 2800 738 2872; x_wconf 87' lang='lat' dir='ltr'><strong>deducunt</strong></span> <span class='ocrx_word' id='word_1_145' title='bbox 783 2800 1118 2892; x_wconf 89' lang='lat' dir='ltr'><strong>seposito,</strong></span> <span class='ocrx_word' id='word_1_146' title='bbox 1173 2801 1388 2870; x_wconf 89' lang='lat' dir='ltr'><strong>satius</strong></span> <span class='ocrx_word' id='word_1_147' title='bbox 1440 2799 1642 2870; x_wconf 86' lang='lat' dir='ltr'><strong>habui</strong></span> <span class='ocrx_word' id='word_1_148' title='bbox 1697 2801 1902 2880; x_wconf 84' lang='lat' dir='ltr'><strong>aliud,</strong></span> <span class='ocrx_word' id='word_1_149' title='bbox 1964 2801 2271 2893; x_wconf 84' lang='lat' dir='ltr'><strong>quamvis</strong></span> <span class='ocrx_word' id='word_1_150' title='bbox 2322 2804 2544 2873; x_wconf 90' lang='lat' dir='ltr'><strong>minus</strong></span> 
     </span>
     <span class='ocr_line' id='line_1_21' title="bbox 385 2913 2536 3008; baseline 0 -20"><span class='ocrx_word' id='word_1_151' title='bbox 385 2915 778 3008; x_wconf 87' lang='lat' dir='ltr'><strong>expeditum</strong></span> <span class='ocrx_word' id='word_1_152' title='bbox 842 2935 966 2986; x_wconf 88' lang='lat' dir='ltr'><strong>nec</strong></span> <span class='ocrx_word' id='word_1_153' title='bbox 1025 2922 1157 2985; x_wconf 90' lang='lat' dir='ltr'><strong>tam</strong></span> <span class='ocrx_word' id='word_1_154' title='bbox 1219 2914 1457 3006; x_wconf 82' lang='lat' dir='ltr'><strong>paucis</strong></span> <span class='ocrx_word' id='word_1_155' title='bbox 1507 2913 1736 2986; x_wconf 89' lang='lat' dir='ltr'><strong>verbis</strong></span> <span class='ocrx_word' id='word_1_156' title='bbox 1798 2915 2536 3007; x_wconf 88' lang='lat' dir='ltr'><strong>comprehendendum,</strong></span> 
     </span>
     <span class='ocr_line' id='line_1_22' title="bbox 386 3030 2542 3123; baseline 0.001 -21"><span class='ocrx_word' id='word_1_157' title='bbox 386 3031 593 3102; x_wconf 86' lang='lat' dir='ltr'><strong>exiis</strong></span> <span class='ocrx_word' id='word_1_158' title='bbox 629 3052 783 3123; x_wconf 85' lang='lat' dir='ltr'><strong>quae</strong></span> <span class='ocrx_word' id='word_1_159' title='bbox 817 3030 1059 3100; x_wconf 85' lang='lat' dir='ltr'><strong>scribit</strong></span> <span class='ocrx_word' id='word_1_160' title='bbox 1098 3039 1333 3100; x_wconf 89' lang='lat' dir='ltr'><strong>auctor</strong></span> <span class='ocrx_word' id='word_1_161' title='bbox 1380 3038 1447 3101; x_wconf 88' lang='lat' dir='ltr'><strong>et</strong></span> <span class='ocrx_word' id='word_1_162' title='bbox 1499 3048 1581 3099; x_wconf 86' lang='lat' dir='ltr'><strong>ex</strong></span> <span class='ocrx_word' id='word_1_163' title='bbox 1636 3030 1840 3101; x_wconf 91' lang='lat' dir='ltr'><strong>modo</strong></span> <span class='ocrx_word' id='word_1_164' title='bbox 1892 3051 2028 3122; x_wconf 91' lang='lat' dir='ltr'><strong>quo</strong></span> <span class='ocrx_word' id='word_1_165' title='bbox 2084 3030 2169 3102; x_wconf 91' lang='lat' dir='ltr'><strong>de</strong></span> <span class='ocrx_word' id='word_1_166' title='bbox 2222 3032 2542 3104; x_wconf 88' lang='lat' dir='ltr'><strong>universo</strong></span> 
     </span>
    </p>
   </div>
   <div class='ocr_carea' id='block_1_11' title="bbox 328 3144 1824 3243">
    <p class='ocr_par' dir='ltr' id='par_1_12' title="bbox 328 3144 1824 3243">
     <span class='ocr_line' id='line_1_23' title="bbox 328 3144 1824 3243; baseline 0.001 -26"><span class='ocrx_word' id='word_1_167' title='bbox 328 3198 333 3205; x_wconf 81' lang='lat'>-</span> <span class='ocrx_word' id='word_1_168' title='bbox 384 3147 572 3218; x_wconf 88' lang='lat' dir='ltr'><strong>clero</strong></span> <span class='ocrx_word' id='word_1_169' title='bbox 611 3146 753 3240; x_wconf 85' lang='lat' dir='ltr'><strong>agit</strong></span> <span class='ocrx_word' id='word_1_170' title='bbox 788 3146 1113 3243; x_wconf 77' lang='lat' dir='ltr'><strong>colligere</strong></span> <span class='ocrx_word' id='word_1_171' title='bbox 1149 3157 1351 3238; x_wconf 85' lang='lat' dir='ltr'><strong>atque</strong></span> <span class='ocrx_word' id='word_1_172' title='bbox 1386 3144 1824 3218; x_wconf 90' lang='lat' dir='ltr'><strong>concinnare.</strong></span> 
     </span>
    </p>
   </div>
   <div class='ocr_carea' id='block_1_12' title="bbox 1205 3410 1735 3456">
    <p class='ocr_par' dir='ltr' id='par_1_13' title="bbox 1205 3410 1735 3456">
     <span class='ocr_line' id='line_1_24' title="bbox 1205 3410 1735 3456; baseline 0 -2"><span class='ocrx_word' id='word_1_173' title='bbox 1205 3410 1634 3456; x_wconf 66' lang='lat' dir='ltr'><strong>mucutus</strong></span> <span class='ocrx_word' id='word_1_174' title='bbox 1660 3410 1735 3455; x_wconf 87' lang='lat'><strong>11.</strong></span> 
     </span>
    </p>
   </div>
   <div class='ocr_carea' id='block_1_13' title="bbox 869 3550 2065 3638">
    <p class='ocr_par' dir='ltr' id='par_1_14' title="bbox 869 3550 2065 3638">
     <span class='ocr_line' id='line_1_25' title="bbox 869 3550 2065 3638; baseline 0.001 -21"><span class='ocrx_word' id='word_1_175' title='bbox 869 3550 961 3618; x_wconf 77' lang='lat' dir='ltr'><strong>De</strong></span> <span class='ocrx_word' id='word_1_176' title='bbox 1009 3559 1200 3619; x_wconf 75' lang='lat' dir='ltr'><strong>statu</strong></span> <span class='ocrx_word' id='word_1_177' title='bbox 1252 3552 1617 3620; x_wconf 73' lang='lat' dir='ltr'><strong>monastico</strong></span> <span class='ocrx_word' id='word_1_178' title='bbox 1668 3550 2065 3638; x_wconf 73' lang='lat' dir='ltr'><strong>Aphraatis.</strong></span> 
     </span>
    </p>
   </div>
   <div class='ocr_carea' id='block_1_14' title="bbox 393 3729 2546 3943">
    <p class='ocr_par' dir='ltr' id='par_1_15' title="bbox 393 3729 2546 3943">
     <span class='ocr_line' id='line_1_26' title="bbox 490 3729 2544 3824; baseline 0.001 -20"><span class='ocrx_word' id='word_1_179' title='bbox 490 3732 858 3824; x_wconf 79' lang='lat' dir='ltr'><strong>GeorgiuS,</strong></span> <span class='ocrx_word' id='word_1_180' title='bbox 900 3733 1286 3823; x_wconf 88' lang='lat' dir='ltr'><strong>Episcopus</strong></span> <span class='ocrx_word' id='word_1_181' title='bbox 1320 3729 1640 3814; x_wconf 88' lang='lat' dir='ltr'><strong>Arabum,</strong></span> <span class='ocrx_word' id='word_1_182' title='bbox 1681 3733 1825 3824; x_wconf 88' lang='lat' dir='ltr'><strong>qui,</strong></span> <span class='ocrx_word' id='word_1_183' title='bbox 1868 3733 1937 3802; x_wconf 87' lang='lat' dir='ltr'><strong>in</strong></span> <span class='ocrx_word' id='word_1_184' title='bbox 1974 3754 2101 3804; x_wconf 90' lang='lat' dir='ltr'><strong>suo</strong></span> <span class='ocrx_word' id='word_1_185' title='bbox 2137 3733 2220 3804; x_wconf 90' lang='lat' dir='ltr'><strong>ad</strong></span> <span class='ocrx_word' id='word_1_186' title='bbox 2269 3736 2544 3807; x_wconf 85' lang='lat' dir='ltr'><strong>Josuam</strong></span> 
     </span>
     <span class='ocr_line' id='line_1_27' title="bbox 393 3847 2546 3943; baseline 0.001 -23"><span class='ocrx_word' id='word_1_187' title='bbox 393 3849 740 3921; x_wconf 87' lang='lat' dir='ltr'><strong>reclusum</strong></span> <span class='ocrx_word' id='word_1_188' title='bbox 771 3868 1134 3940; x_wconf 91' lang='lat' dir='ltr'><strong>responso,</strong></span> <span class='ocrx_word' id='word_1_189' title='bbox 1174 3847 1453 3919; x_wconf 85' lang='lat' dir='ltr'><strong>affirmat</strong></span> <span class='ocrx_word' id='word_1_190' title='bbox 1481 3858 1682 3940; x_wconf 85' lang='lat' dir='ltr'><strong>atque</strong></span> <span class='ocrx_word' id='word_1_191' title='bbox 1711 3849 2128 3928; x_wconf 86' lang='lat' dir='ltr'><strong>demonstrat</strong></span> <span class='ocrx_word' id='word_1_192' title='bbox 2164 3850 2546 3943; x_wconf 84' lang='lat' dir='ltr'><strong>Sapientem</strong></span> 
     </span>
    </p>
   </div>
   <div class='ocr_carea' id='block_1_15' title="bbox 387 4066 2549 4318">
    <p class='ocr_par' dir='ltr' id='par_1_16' title="bbox 387 4066 2549 4318">
     <span class='ocr_line' id='line_1_28' title="bbox 387 4066 2549 4135; baseline -0.001 -14"><span class='ocrx_word' id='word_1_193' title='bbox 387 4066 595 4122; x_wconf 80' lang='lat' dir='ltr'><strong>videsis</strong></span> <span class='ocrx_word' id='word_1_194' title='bbox 637 4066 889 4134; x_wconf 59' lang='lat' dir='ltr'><strong>Wright„</strong></span> <span class='ocrx_word' id='word_1_195' title='bbox 935 4066 1172 4133; x_wconf 75' lang='lat' dir='ltr'><strong>Cataloy.</strong></span> <span class='ocrx_word' id='word_1_196' title='bbox 1218 4067 1282 4133; x_wconf 71' lang='lat' dir='ltr'><strong>of</strong></span> <span class='ocrx_word' id='word_1_197' title='bbox 1305 4069 1394 4119; x_wconf 79' lang='lat' dir='ltr'><strong>the</strong></span> <span class='ocrx_word' id='word_1_198' title='bbox 1425 4068 1548 4132; x_wconf 80' lang='lat' dir='ltr'><strong>Syr.</strong></span> <span class='ocrx_word' id='word_1_199' title='bbox 1594 4068 1743 4130; x_wconf 57' lang='lat' dir='ltr'><strong>MSS„</strong></span> <span class='ocrx_word' id='word_1_200' title='bbox 1789 4070 1879 4132; x_wconf 85' lang='lat' dir='ltr'><strong>ill,</strong></span> <span class='ocrx_word' id='word_1_201' title='bbox 1920 4081 1970 4135; x_wconf 88' lang='lat' dir='ltr'><strong>p</strong></span> <span class='ocrx_word' id='word_1_202' title='bbox 2016 4070 2160 4121; x_wconf 71' lang='lat'>¹3¹7.</span> <span class='ocrx_word' id='word_1_203' title='bbox 2200 4070 2328 4134; x_wconf 77' lang='lat' dir='ltr'><strong>Quae</strong></span> <span class='ocrx_word' id='word_1_204' title='bbox 2363 4067 2452 4121; x_wconf 86' lang='lat' dir='ltr'><strong>hic</strong></span> <span class='ocrx_word' id='word_1_205' title='bbox 2484 4081 2549 4121; x_wconf 81' lang='lat' dir='ltr'><strong>ex</strong></span> 
     </span>
     <span class='ocr_line' id='line_1_29' title="bbox 387 4150 2548 4219; baseline -0.001 -16"><span class='ocrx_word' id='word_1_206' title='bbox 387 4156 689 4203; x_wconf 80' lang='lat' dir='ltr'><strong>Assemano</strong></span> <span class='ocrx_word' id='word_1_207' title='bbox 712 4156 1167 4203; x_wconf 82' lang='lat' dir='ltr'><strong>commemoratur</strong></span> <span class='ocrx_word' id='word_1_208' title='bbox 1192 4150 1504 4217; x_wconf 85' lang='lat' dir='ltr'><strong>probibitio,</strong></span> <span class='ocrx_word' id='word_1_209' title='bbox 1531 4164 1595 4204; x_wconf 88' lang='lat' dir='ltr'><strong>ea</strong></span> <span class='ocrx_word' id='word_1_210' title='bbox 1621 4151 1908 4218; x_wconf 78' lang='lat' dir='ltr'><strong>desumpta</strong></span> <span class='ocrx_word' id='word_1_211' title='bbox 1949 4157 2034 4204; x_wconf 83' lang='lat' dir='ltr'><strong>est</strong></span> <span class='ocrx_word' id='word_1_212' title='bbox 2065 4165 2127 4204; x_wconf 84' lang='lat' dir='ltr'><strong>ex</strong></span> <span class='ocrx_word' id='word_1_213' title='bbox 2166 4151 2376 4219; x_wconf 80' lang='lat' dir='ltr'><strong>legibus</strong></span> <span class='ocrx_word' id='word_1_214' title='bbox 2414 4162 2548 4215; x_wconf 83' lang='lat' dir='ltr'><strong>quas</strong></span> 
     </span>
     <span class='ocr_line' id='line_1_30' title="bbox 390 4231 2548 4318; baseline 0.002 -34"><span class='ocrx_word' id='word_1_215' title='bbox 390 4231 460 4284; x_wconf 86' lang='lat' dir='ltr'><strong>de</strong></span> <span class='ocrx_word' id='word_1_216' title='bbox 484 4231 613 4285; x_wconf 88' lang='lat' dir='ltr'><strong>cleri</strong></span> <span class='ocrx_word' id='word_1_217' title='bbox 639 4239 693 4285; x_wconf 88' lang='lat' dir='ltr'><strong>et</strong></span> <span class='ocrx_word' id='word_1_218' title='bbox 737 4232 1060 4313; x_wconf 81' lang='lat' dir='ltr'><strong>regularium</strong></span> <span class='ocrx_word' id='word_1_219' title='bbox 1103 4233 1347 4286; x_wconf 89' lang='lat' dir='ltr'><strong>moribus</strong></span> <span class='ocrx_word' id='word_1_220' title='bbox 1385 4233 1555 4287; x_wconf 86' lang='lat' dir='ltr'><strong>edidit</strong></span> <span class='ocrx_word' id='word_1_221' title='bbox 1597 4247 1718 4287; x_wconf 90' lang='lat' dir='ltr'><strong>cum</strong></span> <span class='ocrx_word' id='word_1_222' title='bbox 1761 4235 1862 4288; x_wconf 84' lang='lat' dir='ltr'><strong>bac</strong></span> <span class='ocrx_word' id='word_1_223' title='bbox 1903 4233 2294 4302; x_wconf 77' lang='lat' dir='ltr'><strong>inscriptione:</strong></span> <span class='ocrx_word' id='word_1_224' title='bbox 2331 4232 2548 4318; x_wconf 56' lang='lat'><strong>1³:20³</strong></span> 
     </span>
    </p>
   </div>
   <div class='ocr_carea' id='block_1_16' title="bbox 397 4309 1760 4399">
    <p class='ocr_par' dir='ltr' id='par_1_17' title="bbox 397 4309 1760 4399">
     <span class='ocr_line' id='line_1_31' title="bbox 397 4309 1760 4399; baseline 0.004 -26"><span class='ocrx_word' id='word_1_225' title='bbox 397 4359 409 4373; x_wconf 93' lang='lat'><strong><em>.</em></strong></span> <span class='ocrx_word' id='word_1_226' title='bbox 468 4317 720 4391; x_wconf 57' lang='lat'><strong>1032222</strong></span> <span class='ocrx_word' id='word_1_227' title='bbox 746 4316 922 4387; x_wconf 61' lang='lat' dir='ltr'>bna-0</span> <span class='ocrx_word' id='word_1_228' title='bbox 956 4309 1121 4376; x_wconf 63' lang='grc' dir='ltr'><strong>Δὲο</strong></span> <span class='ocrx_word' id='word_1_229' title='bbox 1160 4310 1315 4386; x_wconf 53' lang='lat' dir='ltr'><strong>heila</strong></span> <span class='ocrx_word' id='word_1_230' title='bbox 1350 4317 1523 4394; x_wconf 50' lang='lat' dir='ltr'><strong>Aah,</strong></span> <span class='ocrx_word' id='word_1_231' title='bbox 1564 4319 1760 4399; x_wconf 58' lang='grc' dir='ltr'><strong>ἰῖσιοηο</strong></span> 
     </span>
    </p>
   </div>
   <div class='ocr_carea' id='block_1_17' title="bbox 3143 4502 3160 4725">
    <p class='ocr_par' dir='ltr' id='par_1_18' title="bbox 3143 4502 3160 4725">
     <span class='ocr_line' id='line_1_32' title="bbox 3143 4502 3160 4725; textangle 90"><span class='ocrx_word' id='word_1_232' title='bbox 3157 4682 3160 4725; x_wconf 55' lang='grc' dir='ltr'>ι</span> <span class='ocrx_word' id='word_1_233' title='bbox 3143 4522 3160 4673; x_wconf 25' lang='grc' dir='ltr'><strong>ᾼᾼᾷᾼᾼ</strong></span> <span class='ocrx_word' id='word_1_234' title='bbox 3159 4502 3160 4507; x_wconf 30' lang='grc' dir='ltr'><em>Α</em></span> 
     </span>
    </p>
   </div>
  </div>
 </body>
</html>
