3175 5084
1253 459 1681 525 „225-

376 643 788 718 Christianis
841 644 1276 739 disputabant
1309 642 1408 744 (1).
1453 645 1831 739 Aphraates
1888 646 2040 739 ipse
2094 667 2247 718 cum
2298 645 2537 720 docto·

379 762 573 834 ribus
637 760 945 834 Iudaicis
1013 747 1349 853 ejusmodi
1418 761 1925 854 disputationes
1996 760 2191 834 inivit
2268 763 2532 856 plures,

380 899 665 972 quarum
704 875 1115 949 mentionem
1150 876 1311 948 alibi
1348 872 1429 973 (ει)Ι
1460 876 1783 960 fecimus3
1843 886 1910 948 et
1962 876 2206 949 exinde
2245 906 2281 943 α
2315 876 2548 951 evenit

383 1005 458 1067 ut
509 1017 724 1089 quum
775 994 840 1065 in
894 994 1243 1066 nonnullis
1303 993 1459 1065 aliis
1521 993 1757 1078 rebuS,
1827 1001 1965 1065 tum
2029 977 2096 1064 in
2161 1002 2539 1087 temporum

380 1109 971 1204 descriptionibus
1004 1107 1088 1180 ad
1125 1109 1513 1181 rabbinicas
1541 1108 1951 1181 traditiones
1986 1130 2172 1203 saepe
2210 1129 2286 1181 se
2320 1109 2540 1203 appli-

382 1234 571 1297 caret
602 1221 704 1324 (3).
754 1255 791 1290 ›>
845 1226 993 1313 Quo
1045 1224 1389 1298 efficacius
1436 1245 1602 1298 vero
1659 1224 1950 1297 istorum
1998 1225 2544 1298 adversariorum

265 1331 268 1338 ’
382 1351 766 1415 commenta
834 1337 1177 1415 refelleret
1244 1352 1313 1415 et
1382 1343 1674 1415 hostiles
1744 1342 2140 1415 retunderet
2216 1342 2540 1435 impetus,

383 1461 904 1533 Dissertationea
954 1481 1120 1531 suas
1161 1458 1380 1530 edidit
1425 1460 1509 1530 de
1554 1460 2066 1531 circumcisione
2108 1460 2218 1555 (H.
2273 1455 2413 1554 XI),
2466 1461 2550 1531 de

379 1578 704 1666 paschate
737 1573 842 1674 (Η.
887 1576 1062 1668 XII),
1103 1577 1186 1647 de
1216 1577 1491 1649 sabbato
1527 1576 1639 1667 (H.
1684 1573 1888 1675 XIII),
1937 1575 2020 1648 de
2071 1576 2368 1647 ciborum
2406 1576 2547 1648 dia-

385 1696 708 1764 tinctione
732 1690 841 1787 (H.
876 1689 1041 1786 XV).
1078 1691 1330 1763 Harum
1362 1690 1592 1784 itaque
1622 1691 2210 1768 observantiarum
2249 1691 2548 1776 indolem

388 1808 997 1903 significationem,
1067 1807 1426 1879 utilitatem
1488 1807 1663 1879 scite
1725 1808 2041 1901 exponit,
2111 1807 2553 1901 ostenditque

388 1924 540 1997 illas
575 1925 791 1997 bonas
844 1923 1120 2018 quidem
1174 1923 1392 1996 fuisse
1445 1933 1513 1995 et
1564 1945 1604 1995 a
1655 1923 1799 1996 Deo
1854 1933 2266 2017 praeceptas,
2318 1946 2551 1997 verum

390 2061 518 2112 nec
562 2040 875 2113 absolute
924 2039 1353 2112 necessarias
1405 2061 1591 2124 esse,
1635 2061 1764 2114 nec
1817 2040 2151 2112 salutares
2202 2040 2553 2113 exstitisse

392 2180 712 2251 unquam,
756 2157 893 2229 nisi
928 2156 1089 2227 fidei
1142 2157 1602 2228 inniterentur
1653 2166 1721 2228 et
1773 2156 2356 2251 conjungerentur
2399 2178 2553 2230 cum

394 2273 695 2345 omnium
734 2273 1202 2344 mandatorum
1238 2272 1764 2365 adimpletione;
1824 2272 2099 2344 easdem
2152 2294 2360 2366 porro
2398 2294 2551 2343 cum

395 2388 546 2482 lege
608 2387 911 2461 Mosaica
970 2387 1292 2474 desiisse,
1346 2395 1420 2458 ut
1467 2388 1663 2459 locus
1717 2396 1908 2458 esset
1957 2387 2204 2459 ritihus
2244 2388 2440 2461 novis
2487 2397 2555 2459 et

391 2505 791 2578 oeconomiae
859 2504 943 2575 ad
1016 2504 1217 2575 tinem
1290 2524 1507 2596 usque
1569 2505 1979 2576 saeculorum
2043 2524 2403 2576 mansurae.
2475 2506 2550 2574 ln

394 2623 705 2695 Ecclesia
738 2621 917 2693 enim
961 2621 1045 2693 ad
1100 2629 1415 2693 eventum
1452 2621 1784 2713 perducta
1818 2629 1977 2693 sunt
2012 2620 2280 2694 Veteris
2317 2621 2550 2694 Testa-

394 2739 605 2809 menti
662 2736 980 2810 vaticinia
1020 2737 1104 2807 de
1147 2736 1508 2827 qentilium
1552 2737 1873 2810 electione
1917 2747 2122 2827 atque
2166 2737 2258 2808 ad
2315 2758 2550 2809 verum

393 2856 513 2926 Dei
570 2855 831 2925 cultum
886 2854 1304 2923 revocatione
1360 2848 1467 2947 (Η.
1540 2850 1745 2945 XVI);
1813 2859 1906 2936 et,
1982 2850 2550 2944 quemadmodum

391 2968 828 3043 circumcisio
862 2975 934 3038 et
964 2987 1183 3060 agnus
1217 2966 1559 3058 paschalis
1612 2966 1885 3038 fuerunt
1936 2966 2175 3061 figurae
2218 2967 2551 3062 Baptismi

390 3095 592 3180 atque
643 3084 1114 3167 Eucharistiae‚
1158 3083 1249 3154 ita
1297 3084 1645 3176 pleraeque
1700 3084 1962 3177 antiqui
2016 3084 2296 3157 foederis
2345 3105 2549 3158 caere-

394 3203 637 3275 moniae
673 3202 920 3295 typicae
972 3208 1161 3274 erant
1205 3225 1219 3272 :
1266 3221 1338 3271 re
1374 3208 1598 3270 autem
1635 3199 1785 3292 ipsa
1820 3199 2247 3283 adveniente,
2286 3201 2553 3274 sublata

395 3328 555 3389 sunt
588 3337 741 3410 quae
777 3317 959 3389 illam
995 3314 1645 3409 praesignificabant.
1682 3356 1778 3367 -
1815 3315 1981 3387 Inde
2016 3316 2306 3408 Sapiens
2343 3318 2554 3389 Persa

357 3435 364 3442 '
397 3435 652 3505 Christi
684 3436 1116 3505 divinitatem
1147 3429 1254 3530 (H.
1290 3426 1490 3527 XVII)
1524 3439 1593 3502 et
1628 3432 2047 3521 virginitatis
2079 3434 2551 3505 excellentiam

391 3546 501 3646 (H.
534 3549 773 3642 XVIII)
808 3548 1137 3621 adversus
1168 3545 1563 3619 Judaeorum
1602 3544 2157 3638 impugnationes
2193 3547 2549 3640 speciatim

457 3827 530 3890 (l)
565 3824 671 3881 cfr.
697 3825 933 3892 Sassius,
955 3839 1043 3891 op.
1067 3826 1157 3879 cit.
1185 3840 1238 3892 p.
1268 3791 1347 3886 in,
1368 3831 1422 3878 et
1441 3825 1488 3877 J.
1516 3825 1569 3875 S.
1597 3826 1948 3889 Assemanus‚
1977 3827 2030 3877 Β.
2060 3827 2119 3878 Ο.
2153 3827 2194 3889 l,
2214 3825 2272 3879 in
2296 3825 2546 3893 prologo.

460 3926 534 3991 (Ξ)
567 3926 720 3993 Sup.,
744 3939 801 3993 p.
828 3926 913 3978 70.
939 3924 1047 3979 cfr.
1073 3923 1329 3992 Wrigltt„
1354 3938 1448 3991 pp.
1486 3926 1636 3973 oua
1669 3931 1725 3980 et
1757 3935 1879 4008 234
1920 3952 1935 3968 ·

460 4008 533 4072 (5)
568 4010 665 4073 Ap.
692 4005 954 4071 Sassium‚
976 4019 1062 4069 op.
1086 4011 1139 4058 et
1158 4007 1254 4059 loc.
1280 4007 1392 4059 citt.
1414 4010 1589 4073 Quare
1611 4011 1680 4063 de
1703 4011 1804 4064 hac
1826 4023 1885 4063 re
1907 4008 2157 4077 apposite
2183 4014 2369 4063 monet
2385 4012 2550 4062 Geor·

393 4087 514 4155 gius
540 4089 841 4158 Episcopus
864 4091 1029 4156 (sup,
1055 4103 1108 4158 p.
1136 4091 1222 4154 51)
1249 4105 1261 4141 :
1291 4107 1323 4138 t<
1341 4095 1538 4146 Auctor
1564 4092 1667 4146 iste
1697 4091 1858 4161 juxta
1898 4091 2248 4147 traditionem
2289 4091 2553 4146 librorum

392 4169 721 4231 Judaeorum,
747 4184 859 4226 non
882 4176 1061 4224 autem
1081 4173 1231 4239 juxta
1259 4170 1761 4239 interpretationem
1790 4176 1914 4227 Lxx
1938 4185 2117 4240 neque
2137 4175 2288 4240 juxta
2320 4171 2553 4226 Samari·

395 4259 644 4306 tanorum
672 4255 1034 4318 traditionem,
1061 4267 1188 4306 suas
1213 4267 1404 4307 omncs
1428 4257 1868 4322 computationes
1891 4256 2146 4310 instituit.
2175 4274 2205 4302 »ι
2288 4267 2291 4270 ·

2316 4340 2390 4406 17
