3175 5084
1248 500 1701 568 ,245-

410 712 637 763 omues
696 701 969 774 aetatem
1035 700 1402 781 antequam
1460 694 1972 782 conciperentur
2028 699 2310 772 montes,
2370 700 2575 776 ‘aute-

412 828 619 898 quam
667 819 854 878 terra
903 805 1250 902 fruqifera
1282 818 1457 879 esset
1489 817 1555 878 et
1587 809 1765 906 orbis
1795 806 2220 891 conderetur,
2261 808 2345 879 ab
2378 818 2574 879 απαν-

412 928 628 995 nitate
673 936 737 996 et
784 927 857 995 iu
908 935 1239 1006 oeternum
1288 934 1365 996 tu
1413 944 1485 996 es
1535 926 1881 996 Dominus.
1940 924 2042 994 Ne
2099 922 2257 1016 quis
2307 929 2578 1016 putaret

410 1038 614 1109 alium
652 1050 849 1111 antea
882 1040 1099 1112 fuisse
1134 1041 1240 1111 vel
1277 1038 1484 1111 alium
1519 1047 1764 1132 postea
1798 1040 2101 1112 futurum
2139 1058 2298 1110 esse
2333 1038 2572 1124 Deum,

414 1153 558 1224 haee
608 1153 841 1247 posuit
876 1174 1073 1226 sacer
1106 1163 1294 1226 vates
1338 1178 1353 1223 z
1396 1156 1495 1226 Ab
1543 1158 1929 1226 aeternitate
1973 1165 2040 1226 et
2089 1156 2164 1224 in
2210 1164 2574 1225 oetmumae

415 1268 497 1338 Et
533 1268 600 1338 in
639 1270 952 1341 eumdem
988 1289 1268 1341 sensum
1309 1269 1519 1341 lsaias
1554 1265 1631 1366 (1)
1672 1293 1687 1339 ε
1732 1271 2007 1339 Primus
2056 1277 2124 1340 et
2173 1270 2577 1356 novis-timue

412 1406 524 1475 eqo
567 1407 746 1456 aum.
804 1384 1022 1458 Porro
1073 1396 1438 1478 postquam
1490 1386 1676 1457 Deus
1733 1384 2065 1455 Adamum
2117 1404 2199 1455 ex
2253 1382 2404 1455 idea
2454 1405 2579 1455 sua

414 1500 690 1593 genuit,
747 1499 974 1593 ipsum
1022 1499 1372 1581 formavit,
1429 1483 1748 1593 spiritum
1805 1521 2004 1571 suum
2054 1499 2116 1571 ei
2170 1498 2572 1582 insufflavit,

414 1616 741 1710 deditque
793 1615 1151 1688 seientiam
1206 1624 1274 1687 et
1317 1615 1708 1688 facultatem
1745 1617 1998 1689 bonum
2033 1637 2071 1687 a
2107 1615 2283 1687 malo
2319 1615 2579 1687 uiscera

416 1731 620 1802 nendi
657 1739 861 1824 atque
891 1732 1102 1803 Deum
1139 1730 1564 1825 agnoscendi
1597 1742 1914 1826 tanquam
1945 1730 2308 1803 Auctorem
2344 1751 2567 1802 suum.

417 1845 750 1933 Quoniam
803 1854 1028 1918 autem
1078 1847 1265 1918 novit
1319 1846 1522 1919 homo
1573 1847 1931 1919 Fautorem
1985 1867 2210 1929 suum,
2259 1845 2577 1939 depictus

416 1972 521 2033 est
550 1963 732 2034 Deus
769 1971 836 2034 et
871 1962 1203 2034 formatus
1241 1963 1307 2032 in
1347 1971 1572 2035 mente
1609 1963 1782 2054 ejus',
1813 1963 2079 2055 fuitque
2104 1962 2223 2034 ille
2250 1964 2577 2057 templum

416 2080 565 2162 Dei,
627 2078 973 2151 Creator-is
1027 2080 1170 2162 sui,
1229 2088 1434 2172 prout
1486 2079 1822 2172 seriptum
1874 2089 1981 2151 est
2026 2074 2100 2176 (a)
2154 2105 2173 2150 .·
2235 2081 2579 2170 Templum

414 2200 536 2268 Dei
585 2198 773 2279 estis,
832 2199 1103 2286 ipseque
1153 2199 1331 2268 Deus
1382 2198 1551 2268 dicit
1594 2223 1613 2267 .·
1652 2198 1975 2267 Habitabo
2014 2198 2093 2266 iu
2125 2197 2269 2267 illis
2301 2207 2366 2267 et
2401 2199 2580 2270 inter

414 2334 520 2383 eos
555 2313 934 2384 ambulabo.
981 2313 1055 2382 In
1095 2312 1487 2384 hominihus
1523 2320 1751 2384 tamen
1788 2312 1905 2404 qui
1943 2311 2334 2384 Creatorem
2380 2330 2580 2384 suum

299 2488 310 2492 -
419 2430 739 2522 ignorant
774 2449 910 2500 non
946 2429 1277 2500 formatur
1302 2428 1411 2499 vel
1449 2428 1707 2500 habitat
1733 2426 1943 2512 Deus',
1979 2447 2202 2521 neque
2239 2428 2308 2498 in
2344 2447 2580 2499 eorum

417 2554 643 2616 mente
672 2542 1087 2635 coneipitur,
1122 2542 1244 2614 sed
1282 2542 1572 2636 perinde
1608 2564 1686 2614 ae
1724 2542 1920 2615 bruta
1955 2550 2362 2636 eaeteraeque
2396 2523 2597 2616 erea-⁸

417 2670 586 2731 turae
622 2659 884 2730 ratione
919 2657 1267 2729 destitutae
1302 2657 1384 2729 ab
1422 2678 1506 2730 eo
1541 2658 1992 2732 aestimantur.

542 2943 661 3013 ΙΙΙ.
722 2944 1096 3032 Aphraatie
1120 2943 1433 3015 doctrina
1458 2942 1543 3014 de
1568 2944 2072 3016 lucarnationis
2107 2947 2447 3037 mysterio.

518 3156 911 3227 Docti-inam
947 3156 1032 3226 de
1070 3156 1541 3228 lucar-natione
1576 3156 1782 3230 Verbi
1813 3166 1879 3229 et
1907 3158 1991 3229 de
2018 3157 2284 3231 duabus
2319 3161 2583 3234 naturis

386 3273 490 3341 ,in
542 3271 815 3343 Christo
879 3272 1169 3344 Domino
1235 3272 1448 3345 unitis
1511 3272 1891 3365 Aphraates
1951 3274 2213 3365 passim
2273 3275 2576 3370 attingit,

420 3387 697 3479 pat-eius
743 3394 997 3471 tamen,
1048 3408 1273 3480 neque
1318 3408 1400 3460 eo
1450 3388 1819 3461 verborum
1868 3389 2104 3483 rigore
2149 3391 2266 3484 qui
2312 3392 2584 3466 demum

422 3510 583 3597 post
631 3509 904 3576 exortas
953 3503 1395 3577 vehementes
1445 3505 1531 3577 de
1578 3504 1694 3577 his
1738 3506 2049 3579 materiis
2076 3508 2586 3583 controversias

426 3815 441 3830 .
473 3770 600 3835 *20
628 3819 641 3832 .
671 3772 885 3832 &aaz
907 3782 1099 3861 <aa
1131 3784 1199 3837 ad
1221 3785 1485 3838 amussim
1513 3784 1732 3852 quidem
1759 3798 1882 3840 eum
1907 3767 2160 3841 §tersione
2183 3783 2426 3853 Simplici
2454 3798 2584 3841 oon-

424 3870 646 3933 sentire,
659 3865 877 3922 differre
900 3879 1029 3924 vero
1044 3880 1074 3920 a
1089 3868 1311 3936 vulgata
1333 3867 1515 3921 Latina
1538 3883 1552 3920 :
1574 3868 1910 3934 Priusquam
1931 3873 2143 3932 montes
2159 3868 2349 3935 fierent
2363 3873 2463 3923 aut
2475 3869 2586 3936 sor·

422 3956 668 4005 man-etur
681 3957 832 4003 terra
843 3954 892 4002 et
906 3948 1070 4010 orbis,
1083 3961 1205 4015 quae
1221 3953 1278 4002 et
1292 3947 1410 4014 ipsa
1425 3961 1453 4001 a
1474 3953 1621 4002 textu
1636 3948 1963 4017 primigenio
1980 3950 2317 4017 aliquantum
2334 3949 2586 4004 discedit.

424 4053 522 4107 Hie
536 4064 771 4118 namque
789 4049 978 4103 siotibi
1000 4057 1243 4116 prostat:
1264 4016 1443 4138 53ηῇ
1469 4036 1629 4136 V'Zffi}
1651 4018 1912 4124 bb'ffll'i]
1947 4024 2099 4147 Ἣξξ
2123 4038 2309 4134 ῦᾞζῐ
2344 4037 2581 4136 nima,

425 4157 479 4210 h.
505 4168 577 4220 e.,
602 4173 631 4203 «
647 4153 968 4220 priusquam
992 4158 1207 4207 montes
1232 4160 1588 4208 nascerentur
1612 4162 1665 4207 et
1695 4154 1959 4210 formares
1997 4161 2211 4207 terram.
2236 4159 2291 4208 et
2325 4154 2534 4208 orbem.
2560 4171 2588 4200 ιι

489 4239 569 4300 (ι)
603 4239 673 4290 Is,
702 4238 835 4299 xm,
859 4238 913 4289 4.

492 4321 567 4386 (a)
611 4321 657 4373 ιι
685 4317 948 4385 corinun„
973 4320 1060 4383 vi,
1082 4320 1164 4372 ie.
