3175 5084
1200 450 1611 517 ...47-

396 48 405 53 -
434 44 439 51 ι
476 36 507 53 Δ·
632 46 647 53 ν
1318 48 1325 53 -
2535 38 2548 55 N

34 56 39 69 Ι
130 62 143 71 ²
172 74 195 89 ι,
246 56 347 93 2¹.'·*..
368 76 377 85 q
616 86 627 92 .-
870 56 895 63 ““”
1310 62 1323 67 ι
2807 56 2820 61 x

200 112 209 119 fl
286 108 295 115 ³
952 122 961 127 .—
2918 106 2922 115 l

116 157 131 162 ο
298 159 331 169 -0

30 300 31 311 l

992 488 1005 495 -·.
3143 480 3151 495 δ

324 640 653 714 cadavere
716 639 1066 712 hominum
1135 640 1492 733 sepelitur.
1569 640 1805 710 Planta
1872 640 2091 727 enim,
2168 644 2487 735 quamdiu

322 756 547 829 anima
598 756 734 850 ipsi
787 756 993 840 inest,
1050 755 1280 827 mollis
1336 762 1443 828 est
1490 776 1569 827 ac
1613 763 1799 828 recte
1851 766 2276 842 conservata,
2335 759 2490 833 laeta

325 860 701 944 efflorescit
734 878 803 945 et
835 872 987 944 viva
1018 870 1241 944 oculis
1276 879 1597 964 apparet;
1640 870 1846 943 simul
1883 893 1962 945 ac
1998 873 2082 945 ab
2116 893 2196 945 ea
2230 876 2493 948 recedit

325 989 573 1071 anima,
632 987 802 1059 dura
861 986 939 1058 fit
1000 995 1204 1081 atque
1260 986 1473 1070 arida,
1530 987 1995 1080 corrumpitur
2055 997 2123 1063 et
2171 998 2488 1084 tanquam

327 1111 665 1177 mortuam
722 1123 881 1175 sese
931 1102 1153 1175 oculis
1202 1101 1501 1174 exhibet.
1566 1101 1808 1175 Anima
1860 1125 2024 1177 vero
2084 1105 2225 1192 illa,
2288 1128 2491 1200 quam

323 1219 493 1292 dicit
528 1227 768 1292 auctor
803 1218 935 1291 iste
963 1218 1173 1290 Persa
1207 1226 1369 1311 post
1395 1216 1744 1290 hominum
1783 1227 2068 1292 mortem
2106 1219 2281 1292 intra
2334 1244 2487 1295 cor·
3148 1184 3150 1273 l

326 1357 459 1429 pus
511 1333 823 1428 sepeliri,
864 1333 997 1405 hoc
1048 1353 1270 1426 neque
1323 1340 1467 1404 tres
1520 1332 1671 1405 dics
1724 1333 2034 1428 integros
2087 1357 2494 1410 conservare
3148 1356 3150 1395 ι

326 1451 505 1523 valet
540 1473 579 1523 a
613 1449 1096 1534 dissolutione,
1130 1447 1583 1541 dissipatione
1607 1456 1676 1520 et
1700 1450 2139 1543 corruptione
2169 1451 2235 1522 in
2267 1452 2493 1526 medio

328 1567 701 1661 sepulchro
736 1566 1040 1665 vigente,

427 1684 505 1754 In
560 1681 872 1755 eumdem
925 1700 1234 1753 errorum
1284 1699 1567 1751 censum
1622 1678 1978 1752 referenda
2021 1676 2095 1777 (1)
2131 1682 2332 1754 etiam
2378 1683 2494 1755 illa

327 1799 459 1871 alia
519 1797 841 1882 assertio,
895 1795 1227 1891 Spiritum
1280 1795 1629 1879 Sanctum,
1681 1816 1885 1888 quem
1936 1817 2091 1869 cum
2145 1797 2496 1892 Baptismo

330 1915 675 2007 recipiunt
725 1913 1065 1996 homines,
1108 1912 1312 1985 simul
1356 1920 1561 2005 atque
1597 1912 1668 1982 hi
1705 1912 2111 1999 moriuntur,
2171 1913 2359 1988 abire
2411 1917 2493 1989 ad

331 2040 638 2103 naturam
676 2051 868 2102 suam
902 2028 986 2100 ad
1026 2026 1415 2112 Christum;
1458 2027 1622 2099 item
1657 2027 1803 2100 haec
1839 2029 2204 2114 sententia,
2245 2031 2327 2102 ad
2368 2033 2499 2105 Do-

332 2147 589 2218 minum
632 2153 940 2217 nostrum
994 2143 1323 2238 Spiritum
1360 2143 1616 2216 Christi
1664 2143 2040 2236 proficisci.
2080 2146 2497 2240 Quamquam
2599 2152 2606 2158 ’

326 2262 571 2335 nescio
609 2283 741 2356 ego
776 2261 942 2355 quid
978 2260 1317 2354 intelligat
1349 2259 1623 2332 nomine
1676 2259 1946 2331 Domini
2001 2261 2221 2332 nostri
2274 2262 2497 2335 diver·

333 2401 484 2453 sum
521 2402 560 2450 a
595 2378 898 2463 Christ0,
935 2377 1160 2471 quain
1194 2398 1269 2448 re
1300 2375 1643 2448 hebetudo
1674 2375 1984 2469 quaedam
2011 2385 2079 2449 et
2116 2377 2499 2472 ignorantia

333 2516 568 2568 crassa
601 2490 679 2589 (2)
715 2491 1341 2588 deprehenduntur.

434 2610 626 2682 Idem
661 2608 1026 2681 dicendum
1063 2606 1264 2679 etiam
1300 2606 1388 2679 de
1426 2605 1512 2677 iis
1550 2627 1704 2699 quae
1741 2606 2073 2694 subdidit,
2110 2610 2312 2701 paulo
2342 2618 2502 2702 post

332 2726 653 2798 scribens
696 2749 712 2796 z
757 2752 794 2789 «
832 2723 1130 2816 Spiritus
1184 2721 1365 2794 enim
1399 2721 1523 2792 Dei
1573 2722 1635 2793 si
1687 2723 1772 2793 ab
1807 2723 2035 2816 aliquo
2069 2734 2383 2797 servetur
2431 2726 2499 2798 in

335 2842 657 2934 puritate,
700 2837 972 2932 quando
1008 2838 1150 2910 abit
1181 2836 1263 2910 ad
1304 2836 1678 2921 Christum,
1722 2837 1825 2910 sic
1861 2859 2014 2910 eum
2065 2840 2436 2932 alloquitur
2476 2866 2491 2914 :

337 2957 609 3049 Corpus
646 2953 729 3025 ad
767 2952 951 3047 quod
979 2953 1164 3036 veni,
1198 2951 1521 3046 quodque
1557 2972 1640 3023 ex
1674 2951 1871 3044 aquis
1908 2952 2238 3045 Baptismi
2278 2954 2495 3041 indui,

336 3069 404 3140 in
465 3068 739 3162 justitia
809 3088 916 3139 me
986 3066 1305 3139 servavit.
1383 3066 1468 3138 Et
1536 3067 1783 3138 excitat
1842 3067 2140 3160 Spiritus
2211 3068 2502 3143 Sanctus

337 3184 687 3257 Christum
724 3183 807 3254 ad
846 3182 1364 3254 suscitationem
1401 3181 1714 3274 corporis
1751 3182 1934 3275 quod
1963 3203 2039 3254 se
2072 3204 2241 3275 pure
2267 3194 2527 3257 custo-'

336 3301 529 3383 divit,
587 3299 1026 3392 postulatque
1087 3296 1268 3368 idem
1332 3296 1631 3390 Spiritus
1694 3318 1935 3369 novam
1996 3298 2103 3369 sui
2166 3319 2320 3370 cum
2381 3299 2502 3372 illo

337 3415 916 3510 conjunctionem,
969 3414 1039 3484 in
1093 3434 1248 3485 eum
1301 3413 1505 3485 finem
1567 3419 1642 3483 ut
1693 3433 1949 3508 corpus
2003 3413 2072 3484 in
2123 3414 2343 3507 gloria
2395 3436 2502 3487 re-

339 3539 601 3627 surgat.
663 3531 762 3600 Ex
816 3529 934 3600 illo
996 3535 1219 3599 autem
1284 3528 1557 3599 homine
1619 3527 1736 3620 qui
1796 3527 2123 3619 Spiritum
2191 3549 2273 3600 ex
2332 3550 2506 3622 aqua

339 3627 696 3741 acceptum
729 3652 926 3718 vexat
960 3643 1314 3739 egreditur
1349 3643 1647 3736 Spiritus
1682 3650 1838 3715 ante
1898 3652 2184 3715 mortem
2220 3644 2395 3736 ejuS,
2438 3653 2506 3717 et

340 3763 479 3834 abit
512 3761 596 3833 ad
635 3766 940 3832 naturam
975 3780 1165 3831 suam
1201 3757 1286 3829 ad
1315 3757 1688 3842 Christum,
1713 3758 1900 3851 'apud
1928 3781 2132 3852 quem
2160 3759 2504 3832 hominem

344 3878 458 3970 qui
494 3898 572 3949 se
605 3874 873 3948 vexavit
906 3881 1206 3954 accusat.
1251 3874 1465 3946 Porro
1513 3873 1915 3947 adveniente
1974 3875 2505 3948 consummatio-

310 4160 321 4169 ‘
410 4141 480 4205 (Β)
512 4127 764 4200 ἶλωὸω
802 4125 1077 4200 RQ
1115 4126 1464 4200 130le
1501 4168 1518 4184 ·
1564 4139 1644 4193 Ad
1679 4139 1910 4194 litteram
1946 4139 2063 4193 haec
2103 4138 2177 4193 ita
2218 4138 2536 4194 redderem·

352 4229 473 4278 tur:
502 4224 765 4293 crassedo
788 4230 839 4280 et
860 4226 1081 4280 inscitia
1108 4225 1333 4280 rustica.
