3175 5084
1252 453 1661 520 ...55-

381 644 570 737 rugis
605 640 851 715 diebus
886 641 1185 735 coepisse
1219 640 1529 713 homines
1565 640 1927 712 simulacra
1971 641 2195 714 faeere
2246 650 2316 713 et
2359 641 2541 715 idola

378 757 715 831 venerari.
767 756 916 828 Hoc
966 755 1030 826 si
1079 774 1315 827 verum
1367 754 1486 840 sit,
1527 774 1963 850 consequens
2016 762 2146 839 est,
2184 756 2535 828 Noaehum

380 872 664 966 ejusque
701 870 917 942 filium
947 870 1221 942 Semum
1269 875 1542 964 tempus
1579 869 1748 941 illud
1786 890 1922 942 non
1957 870 2309 963 attigisse;
2351 871 2534 964 quod

378 988 480 1062 sie
514 987 885 1061 conficitur
924 1010 940 1059 ε
984 1008 1022 1058 a
1055 986 1312 1060 diluvio
1364 986 1447 1059 ad
1491 988 1820 1081 Sarugem
1863 1008 2083 1082 usque
2126 987 2529 1083 (sequendo,

376 1110 449 1175 ut
481 1109 698 1197 patet,
737 1100 1124 1174 versionem
1161 1101 1342 1188 LXX
1370 1099 1874 1200 Interpretum),
1907 1103 1967 1175 si
1996 1101 2537 1197 comprehendas

375 1225 442 1289 et
502 1214 651 1287 130
699 1214 1033 1288 ‘Cainanis
1096 1235 1340 1301 annos,
1406 1226 1570 1289 sunt
1629 1218 1787 1289 anni
1849 1215 2034 1302 794;
2092 1217 2264 1290 vixit
2312 1226 2535 1290 autem

373 1333 700 1406 Noaohus
749 1337 912 1424 post
974 1329 1304 1404 diluvium
1356 1353 1572 1406 annos
1627 1331 1791 1419 330‚
1840 1333 1959 1428 qui
2012 1353 2338 1405 numerus
2389 1322 2558 1404 444*

375 1449 574 1520 annis
609 1471 650 1520 a
686 1446 827 1519 794
864 1447 1058 1519 abest
1092 1445 1212 1542 (ι);
1256 1448 1498 1521 Semus
1552 1469 1717 1523 vero
1760 1448 1930 1522 vixit
1982 1457 2145 1542 post
2206 1448 2535 1521 diluvium

373 1587 594 1640 annos
631 1564 803 1652 500,
843 1564 962 1660 qui
996 1565 1195 1636 annis
1230 1561 1375 1636 494
1413 1565 1674 1639 distant
1705 1587 1745 1637 a
1780 1562 1921 1639 794
1963 1563 2161 1636 annis
2195 1583 2416 1658 usque
2451 1562 2534 1634 ad

375 1682 708 1774 Sarugem
745 1679 1027 1774 elapsis.
1200 1688 1207 1693 ’

473 1799 561 1871 Et
594 1799 743 1871 haee
776 1797 1052 1891 quidem
1083 1798 1332 1882 omnia,
1366 1820 1520 1891 quae
1546 1799 1769 1871 tribus
1807 1798 1963 1871 istis
1998 1797 2339 1891 capitibus
2374 1819 2538 1871 oon·

370 1909 702 1996 t'inentur,
760 1911 1049 1984 dicenda
1108 1919 1300 1983 erant
1358 1910 1443 1984 de
1506 1912 1594 1984 iis
1653 1934 1808 2007 quae
1858 1933 1898 1983 a
1957 1911 2157 1984 nobis
2220 1911 2539 2005 quaesivit

370 2027 786 2099 Fraternitas
823 2036 960 2112 tua,
1004 2027 1125 2099 Dei
1160 2027 1651 2112 amantissima,
1683 2028 1869 2100 eirea
1903 2027 2292 2122 Sapientem
2330 2047 2530 2099 suum

373 2143 654 2213 Persam
715 2148 784 2214 et
843 2140 1026 2214 eirea
1075 2140 1493 2215 assertiones
1545 2141 1899 2235 quasdam,
1941 2142 2220 2236 quasin
2254 2161 2382 2213 suo
2418 2140 2535 2212 ille

369 2258 658 2351 protulit
687 2257 893 2330 libro.

439 2489 514 2552 (1)
549 2487 806 2555 Exempla
828 2489 996 2543 habes
1018 2487 1321 2544 oscitantia
1343 2485 1694 2543 librariorum
1718 2486 1776 2541 in
1799 2486 2044 2541 numeris
2067 2486 2463 2552 describendis,
2490 2486 2538 2541 si

376 2569 521 2624 notis
545 2571 920 2626 numeralibus
942 2571 1021 2626 uti
1044 2571 1233 2626 velint.
1260 2569 1493 2627 Evidens
1517 2575 1604 2625 est
1625 2568 1772 2623 enim
1804 2568 2062 2625 vitiosum
2091 2582 2215 2626 esse
2246 2571 2377 2627 cod.
2404 2573 2532 2625 uso.

375 2675 429 2723 et
451 2668 542 2722 hic
564 2669 682 2731 (ubi
707 2682 807 2735 pro
838 2653 1014 2734 Δὶ,
1036 2671 1155 2736 5³0,
1176 2670 1294 2738 lege
1323 2653 1503 2749 q-'m
1538 2675 1681 2738 suo),
1704 2679 1761 2727 et
1783 2672 1840 2727 iu
1864 2672 1934 2726 iis
1951 2668 2274 2741 quaestuum
2297 2680 2529 2735 sequun-

375 2757 480 2805 tur.
508 2754 652 2805 Sane
671 2754 945 2808 Noaehum
968 2753 1096 2808 inde
1128 2766 1159 2807 a
1195 2752 1401 2809 diluvio
1437 2767 1540 2822 per
1579 2766 1757 2810 annos
1792 2753 2187 2823 quinquaginta
2227 2763 2393 2818 snpra
2431 2756 2536 2804 tre-

373 2842 564 2889 centos
587 2836 937 2902 superstitem
960 2836 1129 2891 ruisse
1154 2837 1486 2892 unanimiter
1508 2840 1777 2893 testantur
1810 2841 1988 2892 textus
2014 2836 2331 2899 Hebraieus,
2357 2835 2537 2890 versio

373 2917 911 2985 septuagintaviralis
933 2923 987 2973 et
1009 2919 1254 2988 Vulgata.
