3175 5084
1441 472 1891 541 -252-

589 662 883 754 rode-qiu
940 666 1059 753 qui
1093 673 1242 734 erat
1295 664 1605 733 excelsus
1653 662 2080 752 majestatem
2128 682 2326 731 suam
2377 659 2742 749 depressi&

586 782 707 870 qui
739 781 1091 850 habitabat
1122 782 1198 850 in
1231 781 1390 850 ooelo
1423 780 1698 849 nullum
1749 779 1988 850 habuit
2021 780 2239 851 locum
2271 780 2347 847 in
2379 798 2509 867 qao
2545 785 2750 865 caput

589 892 991 981 redinant,-
1045 898 1165 987 qui
1198 898 1378 966 Deus
1429 907 1580 967 erat
1611 908 1679 968 et
1712 898 1834 966 Dei
1875 898 2093 967 Filius
2140 898 2322 967 servi
2353 895 2752 966 similitudi-

587 1033 741 1083 nem
787 1014 1161 1102 assumpsit
1206 1023 1273 1083 et
1313 1023 1521 1083 natas
1570 1024 1672 1084 est
1723 1033 1811 1083 ex
1867 1016 2087 1084 Maria
2145 1015 2454 1103 Virqine,·
2511 1011 2626 1080 eui
2675 1012 2750 1077 in

589 1130 1021 1200 tabernaculo
1054 1131 1288 1200 Patris
1337 1131 1866 1200 ministrabatur
1913 1130 2372 1201 ministeriu-m
2411 1128 2750 1217 praestite-

588 1254 755 1314 rant
787 1264 1035 1315 manas
1070 1244 1443 1315 hominum.
1488 1244 1652 1315 Haeo
1704 1244 1930 1315 omnia
1983 1266 2146 1316 sane
2181 1244 2266 1316 de
2302 1265 2439 1317 uno
2476 1241 2751 1314 eodem·

589 1378 723 1451 que
783 1357 1093 1449 subjecto
1152 1356 1527 1451 praedicant
1558 1380 1742 1452 -quae
1811 1367 1973 1432 sunt
2041 1360 2163 1432 Dei
2233 1369 2301 1432 et
2369 1380 2522 1451 quae
2592 1366 2754 1430 sunt

589 1474 916 1558 hominis,
958 1495 1181 1568 neque
1224 1475 1405 1546 aliud
1459 1475 1814 1548 continere
1867 1476 2187 1548 videntur
2236 1477 2371 1549 nisi
2425 1475 2751 1547 disertam

523 1637 528 1644 -
591 1590 945 1683 quamdam
984 1591 1448 1683 paraphrasim
1484 1590 1850 1664 verborum
1886 1589 2201 1685 Apostoli
2236 1591 2315 1685 (1)
2358 1617 2373 1662 :
2419 1593 2550 1675 Qui
2597 1612 2753 1660 eum

589 1707 665 1776 in
699 1708 919 1793 forma
954 1708 1076 1777 Dei
1108 1716 1307 1790 esset,
1349 1728 1482 1777 non
1534 1709 1855 1798 rapinam
1907 1709 2289 1778 arbitratus
2339 1717 2440 1777 est
2490 1726 2632 1777 esse
2681 1728 2754 1777 se

589 1824 920 1912 aequalem
960 1824 1117 1904 Deo;
1172 1824 1293 1893 sed
1334 1826 1769 1913 semetipsum
1802 1825 2209 1905 exinanivit,
2249 1822 2540 1917 formam
2573 1825 2755 1893 servi

589 1939 956 2027 accipiens,
1015 1939 1090 2006 in
1147 1938 1670 2009 similitudinem
1720 1939 2069 2008 hominum
2117 1936 2349 2031 factus
2398 1947 2462 2008 at
2517 1938 2756 2007 habita

592 2055 908 2122 inventas
960 2063 1038 2122 ut
1087 2052 1299 2123 homo,
1357 2054 1761 2123 Humiliavit
1817 2055 2277 2141 semetipsam,
2334 2049 2568 2146 faetus
2616 2053 2756 2121 obe·

592 2169 786 2239 diens
822 2187 1035 2258 usqae
1067 2168 1160 2237 ad
1192 2179 1497 2250 mortem,
1539 2179 1819 2240 mortem
1854 2180 2083 2239 autem
2119 2171 2369 2239 erucis.

695 2285 917 2369 Quare
978 2283 1037 2355 si
1100 2283 1231 2354 ista
1292 2284 1666 2356 habeantur
1727 2306 1870 2377 prae
1929 2285 2177 2366 oeulis,
2250 2305 2333 2355 ne
2404 2283 2756 2353 minimum

596 2397 873 2493 quidem
934 2418 1062 2468 nos
1123 2398 1499 2488 morabitur
1552 2398 1738 2492 quod
1801 2399 1960 2469 alibi
2035 2399 2286 2470 asserit
2345 2397 2751 2491 Aphraate83

595 2516 808 2586 Deum
863 2513 933 2583 in
988 2512 1265 2585 Christo
1319 2513 1651 2588 habitare.
1693 2514 1980 2608 Mystioe
2032 2511 2355 2587 videlieet
2407 2535 2759 2607 exponens

505 2633 508 2638 ’
593 2629 1126 2722 promissionem
1165 2629 1535 2701 Salvatoris
1571 2627 1646 2725 (2)
1689 2654 1703 2701 :
1755 2632 1873 2701 Ubi
1905 2634 2087 2701 enim
2119 2643 2280 2701 sunt
2316 2632 2448 2703 duo
2483 2632 2588 2700 vel
2625 2640 2761 2700 tres

595 2747 978 2835 oonqreqati
1014 2747 1087 2814 in
1121 2747 1389 2834 nomine
1436 2766 1605 2829 meo,
1662 2747 1754 2815 ibi
1801 2767 1957 2816 sam
1993 2748 2068 2816 in
2101 2747 2316 2817 medio
2367 2767 2622 2828 eorum,
2670 2745 2763 2816 ita

597 2863 901 2956 loquitur
958 2856 1032 2956 (3)
1102 2885 1116 2931 :
1189 2889 1225 2925 «
1272 2861 1558 2954 Quando
1620 2862 1887 2955 colligit
1951 2883 2027 2933 se
2090 2863 2294 2934 homo
2354 2864 2423 2932 in
2486 2863 2762 2933 nomine

600 2977 882 3060 Christi,
928 2976 1244 3049 Christus
1286 2976 1541 3048 habitat
1593 2978 1662 3048 in
1715 2998 1824 3049 eo.
1867 2979 2051 3051 Deus
2103 2987 2328 3050 autem
2382 2977 2638 3058 habitat
2691 2978 2761 3047 in
2810 3017 2819 3021 -

599 3093 898 3165 Christo.
968 3092 1078 3163 Fit
1136 3092 1348 3187 igitur
1408 3093 1614 3165 homo
1675 3093 1791 3165 ille
1852 3115 2060 3165 unum
2119 3094 2343 3165 tribus
2404 3101 2755 3175 constanS,

599 3210 754 3302 ipso
794 3229 1039 3300 nempe
1088 3208 1388 3290 homine,
1434 3209 1734 3292 Christo,
1777 3211 1895 3303 qui
1934 3210 2002 3279 in
2040 3231 2122 3281 eo
2161 3210 2440 3293 habitat,
2481 3219 2549 3280 et
2584 3211 2758 3291 Deo,

599 3326 713 3419 qui
757 3333 863 3395 est
900 3323 967 3393 in
1006 3323 1306 3394 Christo,
1354 3324 1539 3394 Dixit
1577 3324 1758 3395 enim
1814 3325 2147 3396 Dominus
2185 3334 2422 3396 noster
2453 3322 2529 3418 (4)
2575 3350 2589 3395 :
2633 3329 2765 3414 qu

599 3443 673 3511 in
708 3444 938 3520 Patre,
992 3451 1058 3511 et
1108 3444 1315 3512 Pater
1348 3444 1422 3512 in
1457 3462 1561 3512 me
1594 3452 1735 3528 οδω
1776 3451 1848 3514 et
1881 3443 2044 3513 alibi
2081 3443 2157 3535 (5)
2210 3467 2225 3514 ε
2279 3446 2410 3533 qu
2456 3453 2522 3513 et
2561 3445 2765 3513 Pater

600 3579 815 3628 unum
843 3577 1120 3642 sumus,-
1164 3565 1231 3628 et
1267 3556 1512 3629 iterum
1540 3555 1616 3649 (6)
1654 3581 1669 3626 :
1712 3560 1835 3629 Vos
1869 3560 1943 3628 in
1977 3579 2104 3640 me,
2144 3568 2210 3630 et
2243 3579 2357 3649 eqo
2393 3561 2467 3629 in
2502 3559 2761 3630 vobis.»

666 3845 740 3906 (l)
778 3841 1009 3908 Philipp.
1041 3837 1107 3904 ll,
1133 3842 1241 3892 6-8.

668 3928 743 3991 (2)
778 3928 926 3978 uait.
953 3924 1139 3986 XVIII,
1163 3922 1248 3974 20.

668 4030 742 4094 (3)
777 4025 1030 4093 Wright.,
1057 4039 1111 4091 p.
1149 4025 1275 4086 qm
1311 4034 1426 4089 seq.

668 4112 740 4173 (4)
775 4112 932 4162 Joan.
958 4109 1088 4169 xlv,
1120 4111 1202 4171 10,
1230 4113 1312 4162 Η.

669 4194 746 4256 (5)
779 4194 935 4245 Joan.
961 4193 1024 4256 x,
1050 4194 1134 4244 50.

671 4274 744 4338 (6)
778 4275 933 4327 Joan.
958 4275 1089 4337 xlv,
1113 4273 1198 4325 20.
