3175 5084
1320 440 1764 507 ...153-

463 631 540 700 In
580 612 761 701 terra
796 635 1020 699 autem
1058 626 1419 720 virginitas
1453 648 1579 721 per
1613 629 1898 723 gratiam
1935 630 2357 717 custoditum
2417 636 2631 709 semel

457 749 741 831 amissa,
782 767 920 818 non
959 753 1335 840 reparatur,
1379 745 1769 840 nec·pretio
1804 747 2069 841 acquiri
2099 756 2356 842 potest.
2400 752 2625 844 Ipsam

457 863 583 958 qui
632 861 866 934 habuit
911 868 979 935 et
1030 860 1531 953 pessumdedit,
1593 882 1728 933 non
1777 873 2170 956 recuperat;
2209 864 2328 958 qui
2391 865 2627 939 eadem

455 993 674 1066 caret,
707 982 790 1054 ad
827 980 1012 1052 illam
1049 979 1387 1052 currendo
1424 1000 1560 1052 non
1598 980 1971 1074 pertinget.
2011 978 2205 1066 Ama,
2233 983 2620 1070 carissime,

457 1099 716 1171 donum
750 1098 910 1181 hoc,
946 1094 1060 1168 'cui
1094 1095 1354 1168 nullum
1390 1095 1572 1168 aliud
1610 1095 1679 1167 in
1716 1096 2041 1169 universo
2073 1097 2328 1170 mundo
2363 1102 2625 1195 aequale

456 1225 595 1288 est.
638 1216 737 1285 Ex
773 1213 861 1286 iis
894 1232 1063 1288 vero
1109 1233 1264 1306 quae
1314 1210 1567 1305 scripsi
1620 1212 1746 1284 tibi
1791 1212 2126 1307 redargue
2157 1214 2463 1299 Judaeos‚
2503 1218 2625 1310 qui

457 1338 747 1423 propter
781 1327 1136 1402 libidinem
1173 1350 1363 1401 suam
1408 1328 1492 1399 ad
1536 1328 1860 1401 virtutem
1897 1328 2314 1422 virginitatis
2349 1339 2419 1403 et
2453 1352 2626 1405 con-

456 1447 768 1520 tinentiae
801 1446 1163 1539 pervenire
1196 1453 1569 1539 nequeunt.
1601 1473 1638 1510 >2
1669 1446 1768 1516 Ex
1796 1445 1904 1516 his
1930 1446 2348 1518 testimoniis
2377 1446 2619 1540 liquet,

448 1562 1327 1646 ,Pseudo-Illuminatorem,
1369 1562 1656 1655 perinde
1700 1582 1778 1632 ac
1824 1582 1977 1661 eum
2019 1582 2221 1655 quem
2257 1564 2623 1636 consulue-

457 1688 590 1763 rat,
631 1676 1069 1750 continentiae
1101 1686 1263 1750 voto
1298 1675 1701 1749 adstrictum
1736 1676 1976 1749 fuisse.
2020 1677 2166 1749 Nec
2200 1676 2480 1749 dubium
2516 1689 2624 1751 est

433 1790 850 1886 hujusmodi
884 1791 1374 1885 obligationem
1410 1812 1491 1863 ex
1520 1791 1680 1864 vitae
1714 1791 2143 1864 coenobiticae
2177 1794 2622 1886 susceptione

457 1929 618 1981 esse
652 1917 890 1983 ortam.
939 1907 1019 1980 Id
1071 1909 1253 1981 enim
1303 1929 1459 1981 cum
1505 1906 1884 2000 primorum
1935 1909 2342 1983 saeculorum
2392 1931 2622 1982 mores

457 2025 898 2119 persuadent,
938 2032 1083 2096 tum
1132 2024 1314 2096 clare
1371 2022 1757 2094 manifestat
1805 2022 1999 2095 locus
2036 2023 2211 2099 alius
2248 2046 2450 2118 quem
2479 2026 2621 2119 jam

456 2149 653 2213 antea
698 2139 774 2240 (ι)
822 2161 904 2214 ex
952 2142 1438 2212 Dis-certatione
1483 2140 1569 2211 de
1608 2142 2011 2230 poenitentia
2059 2141 2410 2213 attulimus
2473 2168 2487 2212 :
2551 2146 2620 2217 in

455 2258 592 2329 hoc
626 2255 882 2351 quippe
925 2254 1225 2348 scriptor
1278 2255 1583 2348 seipsum
1634 2263 1703 2326 et
1749 2255 2039 2327 amicum
2090 2257 2176 2329 iis
2225 2268 2621 2332 annumerat

453 2371 602 2466 qui,
636 2394 790 2443 cum
820 2378 1070 2444 statum
1108 2372 1554 2443 monasticum
1593 2371 1885 2463 amplexi
1923 2372 2088 2456 sint,
2133 2375 2275 2446 Deo
2312 2374 2618 2448 famulari

456 2499 526 2561 et
560 2488 954 2582 trequentes
1005 2488 1391 2561 daemonum
1443 2486 1742 2580 impetus
1800 2487 2069 2561 fortiter
2118 2490 2454 2584 repellere
2499 2492 2616 2565 de-

456 2604 645 2676 bent.

552 2704 730 2789 Addi
801 2718 1029 2790 forsan
1108 2724 1399 2811 posset,
1487 2716 1797 2789 eumdem
1881 2702 2073 2790 illum
2150 2723 2618 2794 consultorem

328 2872 339 2881 κ
456 2856 701 2907 munus
769 2835 1080 2928 gessisse
1164 2832 1734 2905 archimandritae.
1816 2834 1889 2905 ld
1976 2843 2163 2908 certe
2240 2835 2619 2930 Aphraates

454 2953 736 3025 innuere
766 2953 1060 3034 videtur,
1094 2952 1255 3023 dum
1291 2951 1552 3044 pluries
1589 2959 1821 3037 monet
1856 2961 1930 3023 ut
1963 2954 2266 3047 acceptis
2300 2958 2619 3046 Epistolis

453 3077 679 3139 utatur
739 3089 875 3140 non
938 3067 1020 3139 ad
1083 3066 1431 3160 propriam
1482 3075 1767 3153 tantum,
1825 3067 1948 3140 sed
1998 3069 2082 3140 ad
2136 3073 2619 3144 monachorum

451 3183 652 3257 etiam
723 3184 1223 3257 institutionem
1293 3194 1362 3256 et
1422 3183 1970 3257 aedificationem.
2051 3186 2201 3258 Huc
2268 3187 2616 3281 pertinent

448 3338 602 3410 quae
639 3328 1022 3410 sequuntur
1058 3316 1189 3415 (e):
1248 3312 1453 3396 bru-o
1504 3302 1665 3387 ...i-⁹:
1720 3304 1875 3395 Ι-αῗίο
1952 3313 2071 3395 Ml
2156 3316 2395 3389 -alzso
2480 3345 2617 3411 ..μ

452 3463 947 3546 ,amasne
1018 3481 1271 3576 ,emsa
1315 3466 1556 3558 Lau„
1603 3468 1832 3579 <Aa
1897 3524 1914 3543 .
1970 3481 2333 3576 &zenam
2411 3458 2613 3545 δὲ’-ἰο

451 3594 709 3687 «Lege
744 3600 947 3688 atque
984 3596 1202 3682 disce,
1234 3606 1335 3682 tu,
1371 3608 1438 3671 et
1465 3600 1713 3671 fratres
1742 3600 2056 3671 monachi
2093 3609 2161 3672 et
2195 3600 2310 3672 alii
2339 3601 2607 3691 fideleS‚

448 3709 567 3804 qui
618 3732 657 3782 a
709 3711 1059 3787 derisione
1108 3715 1312 3809 longe
1364 3716 1724 3790 absunt.»
1786 3716 2050 3803 Quibus
2099 3738 2406 3792 consona
2453 3731 2614 3794 sunt

445 3863 599 3935 quae
630 3844 768 3916 alio
806 3844 876 3916 in
914 3844 1068 3920 loco
1104 3848 1180 3941 (a)
1217 3848 1322 3922 sic
1374 3850 1711 3925 habentur
1770 3879 1785 3925 ε
1845 3846 2044 3929 um
2126 3875 2264 3942 ..μ
2352 3852 2609 3926 Q

512 4069 584 4131 (¹)
622 4070 783 4137 Pagg.
811 4070 908 4122 107
931 4076 989 4124 et
1015 4072 1127 4126 108.

509 4153 581 4215 (2)
615 4155 711 4218 Ap.
738 4152 988 4235 wrignt„
1016 4169 1070 4221 p.
1110 4166 1133 4218 5
1176 4201 1192 4216 ,

508 4272 581 4335 (δ)
617 4269 776 4345 lbid„
801 4286 855 4341 p.
890 4262 1071 4354 *1³⁵⁰
1110 4306 1127 4349 3
