3175 5084
1407 449 1853 517 „366-

549 639 853 711 textibus
908 638 1299 732 praeferret;
1363 637 1488 711 sed
1547 645 1623 709 ut
1689 644 2061 710 testaretur
2117 635 2502 730 Vulgatam,
2577 658 2725 730 prae

550 753 872 826 omnibus
903 752 1168 826 Latinis
1202 751 1625 827 editionibus
1654 773 1806 845 quae
1835 758 1999 824 tunc
2030 749 2717 836 circumferebantur,

553 870 624 939 in
694 869 1088 942 universum
1159 866 1441 962 egregie
1520 867 1988 960 praeclareque
2050 864 2424 958 originales
2491 873 2722 938 textus

554 984 871 1069 reddere,
926 1006 1273 1079 nunquam
1321 984 1391 1054 in
1435 980 2005 1056 substantialibus
2060 981 2385 1066 deficere,
2454 981 2625 1052 nihil
2685 1004 2725 1053 a

555 1099 850 1172 revelata
885 1099 1201 1172 doctrina
1250 1099 1582 1171 absonum
1623 1098 2007 1182 continere,
2050 1096 2361 1192 nihilque
2397 1118 2436 1167 a
2469 1097 2723 1190 pietate

554 1215 873 1288 alienum.

1501 1393 1782 1460 XXXVI.

654 1589 783 1677 Qui
847 1590 1271 1664 contendunt
1331 1611 1490 1662 esse
1551 1589 1778 1662 Sacrae
1838 1589 2213 1683 Scripturas
2275 1590 2723 1683 multiplicem

552 1706 898 1780 interdum
959 1728 1241 1781 sensum
1301 1706 1693 1791 litteralem,
1762 1728 1988 1780 causae
2049 1729 2193 1782 suae
2262 1709 2722 1800 adjumentum
2802 1806 2821 1812 κ

553 1821 807 1896 frustra
834 1832 1151 1919 quaerunt
1185 1846 1266 1897 ex
1299 1824 1532 1897 verbis
1564 1826 1827 1896 Psalmi
1859 1827 1931 1897 II
1968 1851 1989 1897 .·
2026 1827 2248 1897 Filius
2279 1848 2471 1897 meus
2506 1848 2580 1897 cs
2614 1839 2718 1918 tu,

554 1960 672 2032 eqo
706 1940 903 2011 hodie
934 1942 1140 2030 qenai
1175 1950 1276 2026 tc,·
1317 1960 1397 2011 ac
1431 1939 1493 2011 si
1530 1959 1777 2033 nempe
1830 1939 2102 2012 effatum
2141 1939 2310 2013 illud
2345 1939 2723 2034 Apostolus

554 2053 807 2125 Paulus
850 2054 1014 2125 alibi
1057 2051 1200 2151 (Ep.
1249 2055 1342 2126 ad
1384 2056 1546 2127 Heb.
1600 2057 1652 2137 I,
1705 2053 1770 2146 5)
1816 2053 1904 2127 de
1950 2053 2206 2127 Christi
2251 2053 2480 2128 divina
2516 2075 2724 2148 gene·

554 2169 844 2253 ratione,
911 2169 1074 2243 alibi
1133 2165 1276 2265 (Ep.
1344 2170 1435 2241 ad
1493 2171 1653 2240 Heb.
1712 2170 1793 2253 V,
1861 2165 1926 2265 5)
1980 2168 2067 2241 de
2101 2169 2252 2262 eJ‘us
2303 2170 2718 2254 sacerdotiO,

556 2283 718 2356 alibi
753 2284 1028 2358 tandem
1063 2282 1233 2382 (Act.
1276 2288 1505 2375 Apost.
1551 2284 1736 2368 Xlll,
1781 2281 1896 2381 33)
1933 2284 2019 2358 de
2056 2285 2363 2376 ejusdem
2399 2285 2484 2357 ad
2520 2285 2724 2372 vitam

559 2399 994 2472 revocatione
1030 2399 1511 2472 intellexisset.

1484 2659 1594 2724 XX
1603 2659 1798 2724 xvn.

658 2861 930 2934 Nullius
989 2861 1321 2956 ponderis
1382 2872 1490 2936 est
1550 2873 2026 2957 argumentum
2094 2865 2722 2948 Rationalistarum,

556 2978 812 3062 Vateri,
851 2976 1174 3071 Augusti,
1214 2978 1531 3063 aliorum,
1574 3000 1712 3071 quo
1742 3000 1823 3051 ex
1855 2979 2149 3052 diversis
2178 2981 2302 3052 Dei
2333 2981 2728 3053 nominibus

499 3112 506 3115 “
557 3097 744 3204 ’ΠζῐὶἾἿ
796 3118 866 3182 et
914 3110 995 3175 n
998 3089 1185 3196 Πδις,
1226 3107 1297 3179 in
1340 3110 1800 3181 Pentateucho
1854 3108 2115 3203 passim
2169 3110 2718 3194 occurrentibuS,

559 3247 643 3299 ex
695 3193 1225 3320 repetitionibus
1278 3223 1631 3297 nonnullis
1686 3233 1754 3296 et
1805 3245 1889 3297 ex
1942 3224 2264 3299 universa
2316 3226 2728 3299 narrationis

560 3341 793 3414 indole
841 3340 1331 3434 scribendique
1393 3339 1599 3412 modo
1661 3338 1821 3412 libri
1884 3339 2088 3431 hujus
2140 3341 2556 3413 authentiam
2608 3340 2732 3411 im·

561 3463 892 3548 pugnant.

1470 3650 1811 3716 xxxvlu.

660 3859 1077 3930 Facultatem
1139 3858 1612 3952 cognoscendi
1676 3868 1745 3931 et
1804 3859 2056 3931 factum
2120 3856 2543 3962 cognitionis
2606 3856 2732 3928 Dei

563 3973 923 4046 existentis
960 3993 1085 4067 per
1122 3974 1352 4045 lumen
1389 3972 1673 4046 rationis
1711 3993 1794 4046 ex
1830 3972 2157 4066 operibus
2194 3973 2319 4045 Dei
2357 3972 2732 4066 Scripturae

561 4090 654 4161 ita
687 4097 1032 4173 asserunt,
1075 4096 1150 4161 ut
1185 4088 1675 4162 revelationem
1728 4088 2097 4183 positivam
2148 4087 2518 4160 traditione
2569 4108 2733 4180 pro-

560 4187 873 4301 pagatam
930 4205 1317 4278 nullatenus
1379 4214 1772 4300 supponant
1832 4214 2153 4301 tanquam
2216 4203 2682 4311 conditionem
2709 4261 2728 4289 ,
