3175 5084
1459 448 1905 514 -.202...

595 639 1124 710 illuminatorem
1161 642 1437 710 missam
1472 658 1640 709 esse.
1683 640 1781 709 De
1819 638 1968 729 ejus
2014 637 2281 730 origine
2319 657 2401 708 ex
2437 636 2755 729 professo

597 755 871 848 quidem
921 776 1055 826 non
1106 755 1385 847 quaerit;
1458 754 1580 825 sed
1640 755 2004 847 perspicue
2066 754 2398 846 supponit
2445 752 2756 825 eumdem

597 889 752 940 esse
788 869 905 961 qui
940 879 1008 941 et
1042 870 1215 941 hanc
1267 879 1335 940 et
1386 869 1553 940 alias
1605 872 1938 960 Epistolas
1991 869 2312 941 exaravit.
2361 868 2538 954 Quid
2572 866 2756 937 enim

596 984 730 1055 sibi
764 985 1026 1068 volunt,
1069 984 1203 1056 nisi
1260 984 1430 1055 hanc
1482 983 1784 1056 auctoris
1839 986 2164 1056 unitatem
2201 985 2383 1055 clare
2422 982 2751 1066 indicent,

596 1122 748 1192 quae
797 1101 867 1170 in
912 1101 1308 1172 testimonio
1361 1101 1562 1173 allato
1618 1102 1721 1173 sic
1773 1102 2095 1196 leguntur
2145 1126 2161 1171 z
2224 1130 2260 1165 «
2304 1102 2553 1172 Tamen
2603 1100 2758 1192 quia

597 1223 703 1287 est
738 1237 965 1288 sermo
1021 1217 1248 1311 magni
1282 1216 1440 1301 viri,
1484 1238 1620 1288 non
1659 1218 1924 1288 aestimo
1962 1238 2119 1289 esse
2155 1217 2422 1299 inutile,
2482 1216 2542 1287 si
2596 1215 2756 1288 sub-

586 1331 912 1422 jungatur
942 1338 1103 1422 post
1138 1333 1476 1420 Epi-stolas
1530 1353 1699 1423 quas
1751 1333 1836 1402 ad
1892 1333 2465 1426 interrogationes
2505 1331 2756 1402 illumi-

599 1447 855 1517 natoris
925 1446 1141 1517 nostri
1213 1446 1614 1539 rescripsit?
1651 1475 1686 1511 1)
1760 1447 2151 1532 Undenam,
2228 1468 2494 1540 quaeso,
2572 1447 2759 1518 novit

596 1562 1055 1646 amanuensiS,
1096 1565 1475 1634 Sermonem
1508 1584 1653 1634 esse
1705 1566 1935 1654 maqni
1972 1566 2130 1655 viri,
2175 1563 2307 1634 nisi
2345 1563 2456 1633 hic
2494 1583 2574 1634 ex
2610 1563 2756 1653 ejus

597 1686 822 1749 mente
857 1678 949 1749 sit
986 1678 1057 1749 S.
1097 1679 1395 1749 Jacobus
1431 1678 1847 1751 Nisibenus?
1899 1681 1999 1751 De
2051 1681 2176 1750 hac
2228 1686 2449 1750 autem
2496 1679 2755 1749 librarii

594 1793 1042 1885 persuasione
1106 1815 1192 1864 ne
1251 1794 1604 1865 minimum
1675 1793 1951 1886 quidem
2021 1795 2301 1865 dubium
2364 1792 2758 1886 relinquunt

596 1929 749 1999 quae
785 1907 1015 1978 statim
1052 1907 1286 1979 subdit
1329 1934 1341 1977 :
1390 1937 1425 1972 ε(
1460 1910 1613 1979 Non
1655 1909 1922 1981 aestimo
1962 1930 2118 1980 esse
2155 1909 2421 1993 inutile,
2452 1975 2455 1982 .
2481 1909 2540 1981 si
2595 1910 2755 1980 sub-

586 2022 913 2115 jungatur
946 2032 1106 2115 post
1138 2026 1472 2112 Epistolas
1507 2045 1679 2117 quas
1732 2023 1815 2093 ad
1871 2023 2444 2117 interrogationes
2500 2025 2756 2095 lllumi-

597 2138 856 2209 natoris
905 2139 1123 2210 nostri
1171 2140 1559 2232 rescripsit.
1618 2168 1653 2203 »
1711 2140 1885 2211 Sane
1939 2160 2021 2211 ex
2070 2141 2340 2232 integro
2389 2142 2755 2234 pericopes

595 2263 833 2326 tenore
896 2265 964 2325 et
1022 2256 1461 2347 grammatica
1521 2265 1863 2327 structura
1917 2278 2205 2347 maynus
2266 2259 2383 2327 ille
2442 2260 2572 2339 vir,
2640 2259 2757 2350 qui

593 2372 973 2442 Semnonem
1034 2372 1213 2443 hunc
1279 2371 1692 2463 composuit,
1755 2371 1934 2442 idem
1986 2379 2092 2442 est
2144 2393 2297 2442 cum
2360 2383 2757 2443 caeterarum

593 2492 1050 2579 Epi-stolarum
1087 2490 1452 2583 scriptore.
1490 2490 1656 2584 Quae
1683 2511 1835 2561 cum
1873 2490 1962 2560 ita
2000 2510 2076 2562 se
2113 2490 2429 2574 habeant,
2468 2511 2755 2583 quanam

593 2604 864 2677 tandem
926 2606 1131 2676 animi
1181 2605 1610 2677 aberratione
1671 2627 1752 2677 eo
1801 2603 2209 2678 Antonellus
2263 2606 2583 2677 devenire
2633 2628 2755 2698 po-

596 2721 824 2806 tuerit,
878 2729 951 2791 ut
1004 2730 1356 2792 auctorum
1411 2720 1878 2793 diversitatem
1931 2743 2011 2791 ex
2067 2720 2323 2792 librarii
2362 2722 2757 2794 testimonio

596 2839 830 2931 colligi
901 2846 1196 2930 putaret,
1267 2839 1418 2930 ipse
1482 2839 1731 2910 videat.
1802 2838 2019 2909 Nobis
2089 2839 2257 2909 satis
2327 2846 2459 2923 est,
2536 2841 2760 2910 omnia

597 2954 1181 3046 interpretationis
1219 2953 1630 3025 adminicula
1683 2955 1827 3046 ejus
1880 2954 2246 3025 assertioni
2284 2954 2375 3024 ita
2409 2955 2759 3026 evidenter

535 3122 541 3131 .
597 3092 1020 3164 repugnare,
1096 3079 1168 3141 ut
1238 3070 1785 3163 propositionem
1856 3070 2263 3141 contrariam
2335 3071 2755 3142 manifestam

595 3187 906 3257 reddant.
2648 3195 2653 3200 ’

698 3302 941 3372 Stilum
980 3311 1047 3373 et
1086 3303 1361 3374 modum
1400 3302 1774 3383 scribendi,
1816 3305 1950 3386 vel,
1994 3312 2068 3373 ut
2102 3304 2357 3374 rectius
2393 3302 2757 3374 dicendum

598 3432 729 3505 est,
774 3422 1080 3493 vertendi
1131 3422 1478 3514 archetypi
1537 3422 1822 3514 Syriaci,
1867 3422 1934 3490 in
1972 3422 2094 3492 hac
2129 3422 2420 3491 Homilz‘a
2469 3442 2757 3512 prorsus

597 3537 908 3609 eumdem
948 3557 1104 3609 esse
1143 3546 1345 3631 atque
1384 3538 1450 3607 in
1489 3538 1774 3630 reliquis
1801 3544 2089 3608 testatur
2117 3536 2207 3607 cl.
2232 3536 2508 3608 Sassius
2536 3532 2635 3633 (1).
2674 3540 2758 3609 Et

597 3654 905 3747 profecto
941 3655 1352 3748 quicumque
1392 3656 1572 3725 illam
1604 3662 1856 3726 attenta
1885 3662 2107 3725 mente
2143 3654 2415 3747 legerit,
2450 3657 2756 3747 quamvis

597 3771 887 3862 aliquam
925 3770 1220 3842 inveniat
1256 3771 1810 3863 discrepantiam,
1856 3770 2076 3863 qualis
2130 3791 2208 3841 ex
2263 3770 2561 3841 materiae
2614 3770 2755 3840 dis-

600 3885 1047 3957 similitudine
1126 3886 1520 3958 necessario
1603 3886 1877 3980 prodit,
1965 3885 2408 3957 nihilominus
2487 3885 2754 3957 solitam

598 4000 959 4093 Aphraatis
1024 3998 1091 4069 in
1154 4001 1623 4073 ratiocinando
1685 4002 2108 4087 methodum,
2174 4002 2549 4073 orationem
2609 4002 2754 4093 ejus

663 4264 737 4326 (1)
776 4261 874 4327 op.
903 4261 1101 4324 saepius
1124 4262 1214 4314 cit.
1248 4276 1301 4327 p.
1329 4264 1408 4313 ¹5.
