3175 5084
1241 481 1696 548 ...189-

382 672 655 746 initium
710 672 882 767 ejus,
922 674 1195 767 quando
1229 672 1417 748 venit
1451 680 1528 746 ut
1561 671 1986 747 dormientes
2020 672 2559 766 expergefaciat;

385 790 638 862 ardens
702 798 771 863 et
831 792 1062 885 gravis
1114 801 1223 863 est
1284 790 1616 863 medietas
1679 790 1854 881 ejus,
1923 789 2197 883 quando
2258 789 2443 861 venit
2499 797 2571 861 ut

381 904 648 977 fructus
717 913 1046 989 maturet;
1119 915 1357 1000 gratus
1427 914 1495 977 et
1544 904 1897 997 jucundus
1966 913 2074 977 est
2135 904 2296 976 finis
2367 905 2515 997 ejus
2547 965 2563 989 ,

384 1021 660 1113 quando
691 1021 1203 1115 appropinquat
1238 1021 1321 1093 ad
1360 1021 2048 1094 consummationem.
2102 1048 2138 1085 »

488 1134 708 1229 Atque
777 1138 923 1209 baec
992 1139 1423 1229 Ephraemus.
1500 1136 1763 1229 Ecquis
1833 1156 1996 1209 vero
2024 1190 2041 1219 ,
2131 1144 2233 1208 tot
2298 1144 2571 1229 tamque

388 1252 783 1343 perspicuis
819 1252 1237 1323 testimoniis
1275 1251 1668 1345 perpensis,
1708 1252 1967 1322 infitias
2014 1262 2122 1323 eat
2158 1251 2344 1344 quod
2383 1273 2571 1321 asse-

390 1367 677 1449 ruimus,
720 1368 793 1439 S.
832 1368 1161 1439 Jacobum
1202 1369 1472 1439 scilicet
1508 1368 1814 1439 exhiberi
1854 1377 2172 1460 tanquam
2227 1367 2571 1437 Nisibenae

391 1482 688 1554 civitatis
707 1483 1129 1575 Episcopum
1158 1482 1402 1554 ordine
1428 1482 1935 1576 chronologico
1963 1482 2304 1575 primum?
2323 1481 2575 1553 lisdem

392 1605 614 1670 autem
653 1604 722 1670 et
759 1597 927 1669 illud
969 1597 1361 1679 conficitur,
1405 1599 1477 1669 S.
1520 1599 1850 1670 Jacobum
1907 1619 2042 1669 non
2098 1598 2302 1669 modo
2359 1617 2575 1689 usque

380 1709 479 1783 'ad
549 1713 819 1785 tertiam
884 1713 1079 1785 urbis
1143 1713 1656 1796 obsessionem,
1725 1733 1879 1805 quae
1939 1734 2002 1784 a.
2083 1709 2226 1782 350
2293 1713 2567 1793 accidit,

395 1828 840 1921 superstitem
886 1849 1024 1900 non
1077 1828 1324 1911 fuisse,
1368 1828 1494 1900 sed
1548 1849 1676 1899 nec
1733 1828 2130 1911 secundam,
2190 1827 2272 1898 ad
2327 1848 2575 1897 annum

397 1940 542 2013 346
596 1965 633 2014 a
686 1964 913 2015 rerum
950 1951 1298 2037 gestarum
1354 1943 1819 2036 scriptoribus
1872 1943 2176 2024 relatam,
2233 1942 2571 2033 attigisse,

397 2058 534 2129 imo
570 2059 775 2151 paulo
810 2066 972 2151 post
1005 2059 1294 2151 primam
1327 2067 1395 2130 et
1431 2058 1697 2130 initium
1737 2058 1927 2142 belli,
1962 2079 2040 2129 ac
2066 2058 2266 2151 proin
2298 2079 2359 2129 a.
2399 2057 2567 2137 333,

397 2179 476 2244 ut
511 2174 704 2245 multi
742 2181 813 2245 et
847 2174 1238 2267 gravissimi
1290 2163 2031 2259 testanturauctoreS,
2079 2173 2262 2245 diem
2315 2173 2575 2245 obiisse

401 2309 821 2380 supremum.
868 2291 966 2361 Ex
1010 2290 1328 2362 adductis
1382 2310 1677 2382 namque
1732 2289 1905 2361 locis
1958 2289 2200 2381 liquet,
2260 2288 2575 2381 singulos

401 2406 745 2478 Praesules
794 2406 1090 2500 singulis
1143 2406 1440 2481 civitatis
1492 2405 2127 2499 oppugnationibus
2179 2404 2459 2477 affuisse
2511 2413 2579 2473 et

356 2599 360 2604 p
396 2521 731 2594 adversus
769 2522 1087 2616 singulos
1124 2522 1538 2594 obsessores
1575 2543 1722 2593 eam
1775 2523 1989 2594 tuitos
2042 2541 2222 2604 esse,
2279 2521 2575 2612 primum

398 2645 624 2709 autem
660 2636 1058 2711 Antistitem
1092 2647 1238 2710 tum
1274 2638 1412 2710 fato
1451 2638 1755 2710 functum
1811 2659 1964 2709 cum
1999 2639 2251 2709 bellum
2296 2638 2575 2709 inchoa-

394 2762 641 2840 retur:
662 2755 1005 2848 siquidem
1047 2783 1083 2819 «
1120 2756 1325 2848 quies
1378 2764 1447 2827 et
1502 2754 1674 2826 ordo
1732 2755 2350 2828 intraveruntaecum
2391 2777 2471 2825 en
2511 2765 2579 2825 et

398 2873 675 2965 egressi
713 2880 876 2944 sunt
909 2894 1065 2944 cum
1101 2894 1209 2945 eo.
1254 2900 1291 2937 >2

504 2988 770 3081 Neque,
811 2988 997 3081 quod
1035 2988 1279 3060 attinet
1312 2987 1396 3059 ad
1433 3008 1661 3060 veram
1699 2988 1786 3059 de
1836 2987 2339 3079 Episcoporum
2391 2985 2575 3057 Nisi-

403 3102 735 3175 benorum
774 3104 1221 3175 successione
1257 3110 1327 3175 et
1374 3103 1459 3175 de
1516 3104 1585 3191 S.
1633 3099 1873 3177 Jacobi
1909 3101 2097 3173 obitu
2139 3101 2571 3199 sententiam,

405 3219 653 3289 morari
699 3240 828 3291 nos
884 3218 1113 3301 debet,
1167 3228 1243 3290 ut
1302 3218 1467 3288 mihi
1523 3218 1822 3300 videtur,
1865 3216 2234 3288 auctoritas
2283 3215 2575 3286 chronn-

402 3332 648 3426 graphi
690 3334 874 3405 omni
932 3333 1351 3426 caeteroquin
1409 3334 1544 3404 fide
1595 3332 1818 3426 digni,
1862 3332 2030 3404 Eliae
2079 3330 2419 3409 Nisibeni,
2463 3329 2579 3421 qui

401 3447 632 3519 verbis
691 3468 899 3540 supra
957 3447 1265 3519 recitatis
1312 3443 1387 3544 (4)
1424 3455 1678 3531 narrat,
1738 3446 2031 3518 Babuaeo
2072 3444 2162 3535 .S·
2220 3445 2571 3529 Jacob-um,

402 3560 813 3657 Vologesem
852 3565 924 3635 S.
956 3564 1244 3649 Jacobo,
1287 3565 1478 3652 nullo
1513 3564 1648 3635 alio
1685 3564 2177 3644 intercedente,
2218 3561 2575 3633 suffectum
2679 3545 2683 3550 ’

405 3678 648 3750 fuisse.
693 3682 860 3751 Nam
899 3688 1355 3773 praeterquam
1392 3679 1577 3772 quod
1618 3679 1797 3750 idem
1827 3678 2130 3771 scriptor
2165 3676 2415 3748 ibidem
2459 3697 2575 3745 nn-

408 3792 670 3865 biscum
732 3794 800 3864 in
862 3793 931 3864 id
996 3814 1360 3886 expresse.
1390 3793 1736 3866 consentit
1793 3792 1975 3885 quod
2038 3800 2242 3883 caput
2293 3793 2391 3861 rei
2447 3801 2575 3877 est,

405 3907 733 3981 Jacobum
768 3908 1095 3981 videlicet
1130 3930 1306 3981 anno
1346 3905 1489 3978 338
1520 3916 1860 3980 mortuum
1897 3927 2081 3989 esse,
2114 3925 2315 3977 nemo
2343 3905 2579 3993 utique

406 4022 745 4096 dubitabit
767 4024 1138 4118 prraemi,
1170 4022 1376 4094 testis
1411 4022 1649 4105 coaevi,
1680 4021 2154 4094 auctoritatem
2181 4018 2579 4091 testimonio

474 4272 550 4335 (1)
587 4273 742 4338 Pagg.
769 4272 868 4324 ¹82
890 4277 946 4323 et
972 4271 1105 4324 ¹86.
