3175 5084
1271 442 1721 506 -291—

432 628 589 700 finis
651 629 885 704 mundi
943 627 1187 723 quavis
1240 638 1441 700 aetate
1501 629 1687 699 intra>
1739 629 2071 701 Ecclesiae
2141 630 2316 702 fines
2374 630 2589 704 libere

427 744 748 838 agitatam
790 745 1035 829 fuisse,
1089 764 1313 838 neque
1362 745 1654 838 proinde
1705 744 2144 818 concordiam
2197 745 2265 816 in
2318 767 2396 818 ea
2441 748 2583 820 sol-

431 860 645 933 venda
679 861 821 935 ullo
858 861 1090 947 mod0,
1132 882 1213 934 ex
1266 861 1612 934 communi
1667 861 2030 945 sententia,
2071 861 2155 933 ad
2205 861 2364 935 fidei
2411 863 2584 936 inte-

428 976 743 1069 gritatem
814 977 1183 1070 pertinere.
1263 975 1484 1068 Hujus
1551 978 1619 1047 in
1691 976 2035 1070 opinando
2103 978 2440 1052 libertatis
2520 988 2588 1052 et

427 1091 908 1186 discrepantiae
953 1092 1138 1164 aliud
1190 1092 1313 1164 tibi
1363 1093 1751 1186 exemplum
1801 1091 2245 1186 suppeditant
2297 1116 2452 1189 quae
2499 1094 2586 1167 de
2661 1163 2668 1170 .

427 1208 499 1280 S.
559 1209 929 1293 Norberto‚
991 1208 1137 1281 viro
1196 1209 1581 1303 apostolico
1643 1218 1711 1280 et
1770 1209 2036 1280 ordinis
2097 1210 2587 1283 Praemonstra-

381 1313 644 1396 'tensis
713 1325 1113 1408 fundatore,
1188 1324 1435 1397 scribit
1502 1326 1815 1395 oculatus
1886 1333 1955 1396 et
2021 1323 2284 1396 auritus
2351 1325 2579 1410 testis,

425 1439 499 1511 S.
540 1440 932 1513 Bernardus
965 1436 1041 1537 (1)
1084 1465 1098 1511 :
1144 1470 1180 1505 «
1218 1441 1414 1528 Quod
1466 1462 1505 1511 a
1557 1461 1666 1511 me
1716 1441 1802 1511 de
1847 1441 1926 1510 D.
1969 1440 2309 1514 Norberto
2344 1441 2581 1515 scisci-

421 1554 685 1640 tamini,
719 1556 781 1628 si
807 1556 1130 1628 videlicet
1164 1556 1385 1628 iturus
1411 1556 1504 1628 sit
1534 1555 2104 1649 Hierosolymam,
2147 1577 2279 1654 ego
2318 1559 2580 1631 nescio.

424 1670 592 1741 Nam
629 1690 784 1742 cum
820 1681 975 1745 ante
1013 1672 1141 1744 hos
1177 1693 1436 1765 paucos
1472 1673 1624 1744 dies
1660 1670 1806 1763 ejus
1843 1670 2085 1743 faciem
2120 1671 2355 1745 videre
2400 1655 2583 1747 etde

424 1786 690 1858 coelesti
752 1787 1005 1868 fistula,
1067 1808 1190 1860 ore
1250 1787 1574 1861 videlicet
1633 1788 1894 1881 ipsius,
1960 1788 2248 1881 plurima
2308 1791 2582 1881 haurire

424 1901 825 1983 meruerim,
880 1903 1011 1974 hoc
1054 1912 1277 1975 tamen
1330 1903 1415 1975 ab
1464 1904 1619 1997 ipso
1681 1923 1816 1975 non
1877 1902 2130 1974 audivi.
2186 1904 2433 1976 Verum
2498 1907 2584 1979 de

419 2018 847 2092 Antichristo
914 2040 1068 2091 cum
1139 2020 1554 2113 inquirerem
1628 2020 1794 2115 quid
1864 2017 2203 2102 sentiret,
2295 2021 2583 2095 durante

421 2136 642 2208 adhuc
689 2157 768 2208 ea
815 2157 969 2229 quae
1021 2158 1200 2209 nunc
1251 2146 1360 2209 est
1408 2138 1852 2231 generatione
1903 2136 2339 2209 revelandum
2390 2139 2579 2211 illum

420 2271 577 2324 esse
614 2251 1004 2324 certissime
1056 2274 1131 2325 se
1186 2254 1368 2325 scire
1416 2261 1840 2346 protestatus
1893 2261 2024 2324 est.
2066 2251 2152 2323 At
2206 2274 2359 2325 cum
2402 2275 2581 2326 eam-

420 2365 574 2437 dem
625 2366 1103 2440 certitudinem
1152 2368 1332 2440 unde
1384 2368 1665 2440 haberet
1713 2366 2096 2440 sciscitanti
2148 2367 2313 2438 mihi
2370 2390 2580 2462 expo-

419 2504 583 2555 nere
631 2485 862 2569 vellet,
918 2485 1149 2557 audito
1200 2486 1383 2579 quod
1437 2484 1823 2579 respondit,
1867 2505 2005 2555 non
2056 2504 2161 2556 me
2202 2484 2392 2570 ,istud
2449 2509 2577 2580 pro

418 2606 609 2671 certo
659 2601 943 2673 credere
1002 2601 1254 2673 debere
1303 2601 1557 2694 putavi.
1614 2599 1718 2671 Ad
1769 2620 2098 2672 summam
2163 2609 2382 2671 tamen
2447 2601 2578 2674 hoc

414 2714 739 2797 asseruit,
802 2736 939 2788 non
997 2716 1301 2788 visurum
1369 2736 1446 2788 se
1516 2723 1831 2795 mortem,
1897 2714 2033 2785 nisi
2094 2714 2288 2806 prius
2355 2715 2580 2787 videat

414 2830 802 2921 generalem
840 2832 909 2901 in
949 2831 1257 2903 Ecclesia
1290 2830 1870 2923 persecutionem.
1922 2857 1957 2893 2>

516 2944 893 3017 Posteriori
929 2944 1153 3017 adhuc
1186 2954 1524 3039 tempore,
1567 2943 1910 3016 sententia
1944 2961 2097 3036 quae
2133 2964 2256 3016 sex
2290 2944 2572 3018 millium

309 3065 354 3124 ,“
414 3080 744 3131 annorum
813 3060 1245 3154 existentiam
1318 3059 1570 3132 mundo
1634 3059 1981 3153 assignat,
2060 3057 2282 3130 minus
2348 3068 2574 3133 tamen

415 3172 695 3247 definite
742 3185 1047 3270 accepta,
1104 3198 1272 3248 suos
1327 3186 1520 3249 nacta
1570 3185 1704 3259 est,
1762 3176 1832 3245 in
1884 3184 2072 3246 tanto
2121 3175 2573 3269 interpretum

393 3311 724 3374 numero,
790 3293 1092 3365 fautores
1153 3302 1222 3364 et
1279 3293 1710 3365 defensores.
1774 3291 2077 3377 Quorum
2147 3291 2300 3363 loco
2362 3315 2571 3365 unum

411 3407 770 3500 appellabo
807 3408 1197 3480 Cornelium
1237 3430 1275 3479 a
1311 3408 1595 3501 Lapide,
1633 3408 1750 3501 qui
1786 3407 1933 3478 haec
1967 3404 2051 3476 ad
2089 3427 2231 3477 rem
2269 3418 2571 3481 nostram

412 3522 792 3614 spectantia
837 3523 1038 3595 habet
1079 3520 1153 3620 (2)
1203 3546 1218 3595 ε
1275 3553 1310 3588 «
1364 3523 1527 3596 Haec
1571 3522 1940 3605 sententia,
1991 3541 2130 3593 non
2178 3522 2571 3596 definiendo

409 3646 671 3710 certum
717 3639 900 3711 diem
947 3660 1076 3711 nec
1119 3660 1391 3723 annum,
1441 3639 1541 3712 uti
1585 3637 1998 3723 communiS,
2055 3637 2148 3709 ita
2187 3638 2570 3732 probabilis

410 3763 516 3825 est
575 3753 968 3846 conjectura
1032 3780 1047 3826 :
1115 3755 1290 3826 nihil
1346 3755 1527 3827 enim
1589 3754 1763 3829 certi
1822 3753 1947 3827 hac
2014 3752 2085 3824 in
2138 3769 2220 3827 re
2281 3753 2571 3828 definire

409 3890 805 3961 possumus,
847 3879 1084 3964 utpote
1120 3891 1275 3964 quae
1310 3872 1565 3964 pendet
1601 3894 1640 3942 a
1674 3879 1944 3943 secreto
1982 3869 2104 3941 Dei
2140 3858 2449 3954 decreto,
2483 3891 2571 3942 ne

476 4148 546 4208 (t)
583 4145 820 4209 Epistola
849 4146 990 4199 LVI.

475 4230 548 4291 iffi)
584 4229 650 4279 ln
679 4230 974 4294 Apoealyp.
1005 4230 1105 4292 XX,
1125 4232 1176 4281 5.
