3175 5084
1477 480 1926 546 -328-

527 746 530 753 ,
625 647 1076 751 insufflentur,
1119 668 1527 740 habitabitur
1581 667 2057 760 Hierosolyma
2107 665 2570 739 hebdomades
2617 668 2793 738 duas

626 792 695 856 et
729 782 1104 876 sexaginta,
1148 802 1270 853 seu
1311 803 1529 853 annos
1566 781 2108 874 quadringentos
2149 778 2428 875 triginta
2465 790 2780 874 quatuor.

628 900 847 985 Quare
895 916 1057 970 vero
1107 897 1440 989 propheta
1487 918 1695 988 supra
1743 896 1915 967 dixit
1951 895 2024 986 (1)
2072 921 2087 967 :
2139 897 2582 987 Septuaginta
2631 898 2791 967 heb-

624 1014 938 1085 domades
970 1014 1323 1084 elaberetur
1354 1032 1561 1102 super
1586 1013 1913 1102 populum
1955 1024 2152 1082 tuum
2203 1024 2269 1084 et
2318 1033 2524 1103 super
2557 1015 2793 1083 arbem

623 1140 933 1198 sanctam
994 1127 1229 1198 taam?
1285 1125 1443 1198 dum
1497 1126 1789 1198 subinde
1840 1126 2033 1219 pon‘it
2087 1134 2231 1197 tum
2288 1137 2580 1219 septem,
2646 1137 2795 1197 tum

625 1242 979 1336 sexaginta
1031 1243 1199 1314 duas
1249 1242 1736 1327 hebdomadeS‚
1781 1263 1932 1337 quae
1969 1242 2174 1313 simul
2228 1251 2389 1313 sunt
2443 1262 2685 1313 novem
2722 1250 2794 1313 et

625 1359 1002 1451 sexaginta.
1067 1360 1212 1430 Hoc
1259 1357 1581 1430 videlicet
1631 1358 1804 1429 infra
1863 1357 2095 1429 subdit
2142 1352 2217 1453 (a)
2288 1381 2301 1426 :
2366 1357 2795 1429 Hebdomada

624 1494 766 1543 una
799 1475 955 1555 erit,
997 1484 1062 1544 et
1097 1476 1171 1543 in
1222 1470 1500 1545 dimidio
1553 1473 1980 1544 hebdomadae
2029 1471 2348 1559 deficient
2397 1473 2683 1542 victima
2724 1483 2795 1541 et

622 1590 1004 1678 sacrificia3
1071 1589 1186 1660 ubi
1248 1589 1680 1682 significatur
1734 1610 1866 1660 una
1918 1609 2000 1660 ex
2038 1588 2473 1681 septuaginta
2532 1587 2789 1658 hebdo—

627 1703 960 1786 madibus,
1003 1725 1134 1795 qua
1170 1712 1488 1775 currente
1541 1703 1812 1774 desinet
1863 1696 2300 1775 sacrificium.
2348 1703 2530 1775 Infer
2581 1702 2810 1795 igitur

626 1818 840 1889 fuisse
902 1817 1361 1890 hebdomades
1412 1818 1869 1911 septuaginta,
1927 1839 2063 1890 non
2119 1839 2322 1890 secus
2379 1839 2456 1890 ac
2518 1826 2793 1910 septua-

628 1933 816 2026 ginta
885 1955 1100 2005 annos
1171 1933 1687 2026 comprehendit
1750 1941 1968 2005 totum
2040 1934 2208 2005 illud
2279 1926 2550 2026 tempus
2620 1953 2786 2025 quo,

626 2047 884 2119 Judaeis
947 2048 1014 2118 in
1080 2048 1362 2140 regione
1413 2040 1842 2141 'Babylonica
1900 2049 2216 2142 captiviS,
2282 2058 2462 2137 terra
2534 2046 2797 2141 quievit

629 2171 830 2254 atque
881 2163 947 2232 in
992 2163 1306 2234 vastitate
1359 2164 1629 2234 mansit.
1674 2165 2082 2235 Persuasum
2119 2164 2246 2235 tibi
2284 2164 2376 2234 sit
2414 2163 2785 2244 Christum,

631 2275 886 2368 elapsis
923 2277 1056 2348 illis
1096 2276 1661 2362 hebdomadibuS,
1701 2278 1978 2350 venisse
2032 2287 2097 2349 et
2149 2278 2580 2349 interfectum
2628 2297 2801 2375 “esse

633 2399 706 2460 ut
744 2390 1277 2484 adimplerentur
1311 2391 1486 2464 visio
1524 2400 1593 2462 et
1625 2392 2134 2484 prophetiae.——
2164 2393 2461 2464 Jacobus
2487 2413 2786 2484 quoque,

631 2517 826 2598 pater
880 2517 1136 2592 noster,
1202 2529 1407 2600 quum
1467 2507 1662 2578 Judae
1724 2506 2109 2592 benedixit,
2180 2508 2328 2579 haec
2387 2506 2796 2579 vaticinatus

635 2628 741 2691 est
778 2621 852 2711 (a)
896 2646 911 2691 :
954 2625 1095 2694 Non
1130 2623 1396 2711 deficiet
1441 2634 1791 2712 sceptrum,
1834 2624 1916 2694 de
1965 2623 2146 2693 Jada
2195 2642 2408 2713 neque
2456 2624 2809 2712 expositor·

633 2735 715 2805 de
748 2738 960 2825 stirpe
988 2734 1158 2829 ejus,
1197 2738 1402 2808 donec
1435 2740 1666 2808 veniat
1708 2738 1827 2807 ille
1860 2739 2060 2826 cujus
2094 2747 2197 2808 est
2229 2758 2541 2828 requam.
2587 2737 2795 2807 Intel-

633 2850 773 2944 lige
810 2851 1061 2943 itaque,
1096 2852 1476 2935 carissime,
1518 2851 1781 2945 tibique
1807 2861 2067 2923 certum
2096 2853 2188 2923 sit
2214 2851 2674 2923 hebdomades
2710 2851 2793 2920 ad

633 2969 836 3041 finem
905 2971 1349 3062 pervenisse,
1424 2971 1729 3067 visiones
1799 2978 1866 3042 et
1934 2970 2332 3064 prophetias
2402 2969 2786 3049 defecisse,

635 3106 919 3178 regnum
990 3107 1027 3154 a
1092 3084 1264 3155 Juda
1332 3086 1737 3157 recessisse.
1814 3086 1991 3157 Ecce
2061 3085 2279 3157 enim'
2322 3084 2795 3177 Hierosolyma

636 3208 893 3272 vastata
942 3211 1049 3272 est
1096 3210 1164 3272 et
1216 3202 1457 3275 incolae
1503 3201 1651 3293 ejus
1700 3202 1770 3271 in
1821 3223 2059 3274 omnes
2109 3203 2418 3273 nationes
2456 3201 2788 3293 dispersi;

637 3313 760 3384 filii
830 3315 1105 3386 Israelis
1170 3315 1664 3387 sacrificiorum
1734 3327 1935 3408 atque
2006 3316 2237 3387 altaris
2308 3324 2649 3407 experteS,
2727 3325 2801 3385 et

635 3431 854 3502 donec
889 3431 972 3501 ad
1010 3431 1260 3502 exitum
1308 3432 1771 3524 perducantur
1817 3454 1970 3525 quae
2018 3431 2354 3525 praefinita
2403 3442 2588 3515 sunt,
2634 3432 2794 3501 Hic·
2880 3510 2889 3527 ,

639 3546 978 3638 rosolyma
1028 3547 1095 3615 in
1146 3547 1568 3621 desolatione
1619 3556 1687 3619 et
1732 3547 2046 3620 vastitate
2100 3547 2546 3639 permanebit.
2587 3546 2803 3618 Vinea·

552 3665 560 3673 '
636 3662 1045 3754 depopulata
1092 3673 1222 3746 est,
1275 3665 1647 3757 spinasque
1695 3665 2005 3757 protulit.
2049 3663 2307 3736 Ambos
2362 3662 2520 3734 vitis
2569 3683 2797 3733 ramos

636 3778 820 3872 ignis
882 3777 1285 3870 absumpsit.
1344 3780 1675 3852 Maceries
1736 3780 1953 3852 vineae
2016 3780 2327 3872 disrupta
2386 3789 2517 3861 est,
2584 3778 2803 3848 turris

634 3917 896 3981 eversa,
964 3897 1264 3969 torcular
1324 3897 1773 3970 destructum.
1843 3896 2199 3990 AbJectum
2272 3906 2379 3969 est
2441 3906 2797 3989 argentum

701 4123 775 4184 (ι)
814 4123 1162 4187 nan.1x,24.

702 4204 775 4266 (2)
815 4205 944 4258 Dan.
972 4205 1056 4265 lx,
1082 4204 1165 4256 27.

701 4288 776 4350 (5)
813 4286 999 4340 Genea.
1026 4288 1195 4352 xmx,
1227 4287 1305 4339 ¹0.
