3175 5084
1226 478 1631 541 ..lu-

337 689 625 761 namque
660 666 1083 749 hominibus„
1128 664 1352 736 medio
1392 662 1458 734 in
1499 682 1793 755 corpore
1829 664 2165 754 sepelitur
2213 667 2502 760 spiritus

336 783 647 857 animalis
683 793 753 855 et
789 802 999 854 sensu
1051 780 1396 873 privatur;
1455 787 1522 848 at
1573 776 1873 869 Spiritus
1922 777 2256 866 coelestis,
2297 803 2506 875 quem,

338 905 768 990 receperunt,
808 895 949 967 abit
982 893 1066 966 ad
1115 902 1421 964 naturam
1467 911 1658 963 suam
1703 890 1787 960 ad
1836 889 2206 965 Christum.
2249 894 2504 969 Ambas

336 1023 560 1085 autem
595 1012 717 1083 has
753 1011 1080 1105 veritates
1126 1029 1254 1080 nos
1303 1007 1537 1079 docuit
1578 1004 1980 1098 Apostolus.
2025 1004 2211 1080 Dixit
2254 1011 2434 1081 enim
2479 1038 2493 1082 :

336 1129 675 1217 sepelitur
723 1146 967 1216 corpus
1017 1122 1416 1194 animaliter
1462 1131 1529 1192 et
1569 1120 2031 1210 spiritualiter
2062 1127 2356 1213 roam-qis
2390 1122 2496 1222 (1).

342 1239 649 1334 Spiritus
683 1237 1018 1335 (Sanctus)
1055 1245 1277 1309 autem
1314 1235 1398 1306 ad
1442 1234 1789 1306 Christum
1840 1234 2227 1322 revertitur,
2263 1239 2502 1311 abiens

339 1357 419 1427 ad
485 1363 795 1427 naturam
852 1370 1067 1426 suam.
1130 1351 1213 1421 Et
1267 1349 1422 1421 ideo
1458 1344 1532 1445 (a)
1579 1347 1782 1420 etiam
1840 1346 2013 1420 dixit
2061 1348 2435 1443 Apostolus
2478 1383 2491 1427 :

339 1472 620 1556 Quando
663 1493 700 1542 e
758 1490 1031 1560 corpore
1080 1467 1477 1546 amierimus,
1539 1462 1726 1553 apud
1788 1462 2139 1536 Dominum
2196 1478 2500 1540 nostrum

336 1589 590 1658 evimus
639 1582 744 1683 (3).
797 1583 1066 1656 Etenim
1112 1581 1195 1653 ad
1244 1578 1608 1651 Dominum
1658 1585 1970 1648 nostrum
2016 1578 2157 1651 abit
2206 1580 2504 1674 Spiritus

339 1701 622 1787 Christi,
671 1722 877 1795 quem
930 1697 1326 1793 spirituales
1374 1693 1754 1787 accipiunt,
1806 1691 2118 1768 animalis
2152 1717 2316 1770 vero
2364 1700 2505 1792 spi·

338 1817 507 1889 ritus
569 1817 639 1888 in
702 1823 941 1887 natura
998 1834 1118 1884 sua
1178 1811 1356 1882 intra
1416 1829 1671 1900 corpus
1731 1808 2088 1900 sepelitur,
2155 1832 2504 1905 sensuque

338 1932 662 2024 privatur.
704 1959 742 1996 »

433 2045 803 2140 Sapientiae
863 2041 1337 2115 Fraternitatis
1398 2049 1531 2111 tuae
1586 2045 2121 2112 consentaneum
2166 2053 2275 2114 est
2316 2049 2498 2118 aesti-

339 2184 543 2248 mare,
590 2161 1003 2254 scriptorem
1041 2158 1231 2228 illum
1286 2156 1566 2228 Persam
1621 2173 1757 2224 non
1810 2153 1904 2225 ita
1955 2155 2135 2228 inter
2185 2170 2503 2237 auctores

336 2277 688 2369 prohatoS,
730 2293 1023 2368 quorum
1050 2291 1260 2364 opera
1296 2277 1456 2341 sunt
1493 2267 2151 2358 irreprehensibilia,
2186 2293 2500 2368 compre·

334 2392 766 2465 hendendum
805 2411 962 2464 esse
999 2396 1068 2461 et
1103 2384 1662 2480 computandum,
1705 2392 1780 2455 ut
1832 2385 2078 2459 exinde
2138 2391 2498 2484 cogitatio-

335 2508 535 2580 nibus
572 2507 709 2580 tuis
744 2505 1020 2600 angaris
1058 2512 1127 2575 et
1163 2501 1577 2594 defatigetur
1618 2519 1812 2570 mens
1850 2506 1961 2571 tua
1996 2501 2082 2573 nd
2121 2524 2499 2599 assequen-

334 2621 483 2693 dam
520 2630 723 2715 atque
760 2617 1278 2713 intelligendam
1316 2615 1450 2689 vim
1487 2613 1792 2685 omnium
1841 2616 2203 2690 verborum
2239 2643 2393 2713 quae
2431 2624 2498 2694 in

335 2738 451 2809 illo
510 2737 689 2809 libro
748 2736 1323 2809 Dissertationum
1381 2730 1695 2824 protulit.
1772 2731 2093 2817 Quamvis
2150 2739 2361 2823 enim,
2429 2749 2501 2813 ut

334 2875 540 2946 supra
606 2852 933 2936 diximus,
998 2850 1104 2922 vir
1164 2847 1347 2920 acris
1408 2845 1668 2940 ingenii
1733 2845 1939 2918 fuerit
2004 2857 2073 2921 et
2142 2850 2497 2926 Sacrarum

335 2968 836 3062 Scripturarum
873 2967 1125 3051 cultor,
1167 2985 1304 3036 non
1339 2970 1563 3033 tamen
1602 2982 1686 3032 ex
1723 2961 1862 3033 illis
1902 2971 2011 3035 est
2056 2965 2174 3058 qui
2218 2979 2495 3042 senten-

336 3085 460 3157 tias
523 3085 758 3157 firmas
806 3083 1167 3157 doctorum
1219 3079 1663 3173 probatorum
1703 3078 2040 3172 legerunt.
2095 3081 2199 3161 Ad
2252 3083 2495 3158 horum

335 3220 622 3294 namque
658 3198 1039 3272 doctrinam
1078 3197 1375 3269 animum
1402 3194 1782 3278 attendere,
1814 3194 2015 3288 eique
2040 3198 2494 3291 cogitationes

334 3327 398 3388 et
455 3337 815 3390 sermones
863 3312 1261 3388 conformes
1316 3311 1606 3385 reddere
1651 3319 1958 3405 tempore
2005 3335 2133 3387 suo
2169 3325 2238 3388 et
2270 3317 2340 3389 in
2379 3320 2493 3391 illa

333 3432 615 3526 regione
650 3454 784 3503 non
828 3436 1136 3524 poterat;
1182 3437 1253 3500 et
1302 3426 1459 3499 ideo
1513 3426 1580 3497 in
1637 3426 1773 3498 isto
1823 3427 2001 3501 libro
2051 3430 2253 3505 etiam
2298 3437 2494 3508 multi

332 3566 600 3619 errores
633 3555 704 3618 et
736 3545 1124 3617 locutiones
1161 3542 1358 3617 valde
1404 3540 1721 3614 ohscurae
1756 3539 1832 3639 (ι)
1864 3556 2235 3620 occurrunt
2270 3549 2332 3622 ei
2369 3552 2488 3644 qui

394 3807 469 3871 (3)
505 3805 800 3860 Persuadet
834 3812 1123 3861 contextus
1176 3813 1236 3859 ut
1279 3803 1514 3872 praeflxae
1553 3820 1593 3857 ο
1613 3802 1723 3858 vim
1747 3812 1858 3857 nou
1879 3807 2237 3868 manticam
2256 3815 2490 3880 tantum,

332 3907 422 3961 sed
465 3906 793 3972 exeyeucam
844 3905 1183 3967 tribuamus3
1231 3905 1481 3959 enuntiat
1518 3882 1667 3958 en'im
1715 3905 1831 3959 haec
1875 3907 2180 3974 propositio
2220 3912 2488 3969 rationem

333 3995 657 4056 antegreesae
678 3985 1076 4043 affirmationis.

393 4073 465 4135 (3)
500 4071 519 4121 1
548 4068 738 4122 Thess.
769 4070 852 4136 lv,
880 4071 961 4123 ¹6.

397 4173 473 4235 (4)
497 4156 663 4228 μόδ
694 4179 795 4223 vox
814 4167 1157 4236 participium
1174 4174 1260 4222 est
1277 4167 1427 4225 verbi
1459 4140 1611 4236 1:23,
1640 4139 1833 4234 Sag,
1868 4171 2017 4238 quod
2034 4173 2237 4241 πρίῃ,
2260 4176 2489 4244 (nudem

340 4252 551 4316 ‘mm'
590 4254 795 4319 ‘mm
833 4252 957 4317 fuu’
999 4251 1289 4321 ⁸⁵3¹¹ffi⁶³¹v
1332 4253 1664 4322 quaudoque
1701 4267 1831 4309 vero
1868 4260 1924 4308 et
1953 4256 2141 4310 duruit
2163 4258 2326 4313 valet.
2354 4259 2491 4315 mne

2284 4341 2328 4406 5
