3175 5084
1472 450 1907 516 ...106-

617 660 745 712 nec
780 640 1062 713 libidine
1098 640 1279 732 turpi
1320 636 1583 710 seduci.
1643 636 1950 730 Itemque
2003 636 2296 719 mulieri,
2340 636 2473 707 nisi
2526 657 2565 705 a
2619 655 2755 704 mo-

618 756 837 834 nacho
883 736 1221 838 discedat,
1253 752 1638 825 consultius
1672 762 1781 824 est
1813 761 1888 823 ut
1922 751 2195 844 publice
2239 751 2470 823 nubat.
2515 750 2758 821 Foemi-

542 938 548 953 ,
617 891 768 947 nam
808 870 1018 964 igitur
1052 892 1204 947 cum
1241 871 1538 952 foemina,
1572 871 1792 943 virum
1819 888 1973 941 cum
2008 869 2156 940 viro
2193 867 2494 940 hahitare
2532 867 2758 939 decet.

619 986 899 1057 Maritus
935 986 1135 1057 etiam
1170 986 1287 1079 qui
1323 983 1809 1057 continentiam
1847 1004 2118 1055 servare
2154 983 2416 1068 statuit,
2448 1003 2760 1053 seorsum

596 1105 698 1176 ab
760 1123 967 1175 uxore
1027 1103 1306 1186 habitet,
1375 1123 1459 1174 ne
1526 1110 1903 1174 revertatur
1969 1102 2051 1172 ad
2119 1102 2418 1194 priorem
2490 1100 2761 1172 vivendi

617 1221 946 1290 rationem
1008 1229 1077 1291 et
1136 1220 1317 1291 inter
1371 1220 1718 1291 adulteros
1787 1228 2240 1312 computetur.
2310 1218 2762 1306 Quamobrem

620 1336 749 1408 hoc
785 1345 890 1409 est
925 1336 1289 1409 consilium
1342 1337 1730 1419 honestum,
1774 1337 2189 1409 conveniens
2242 1355 2320 1406 ac
2370 1335 2755 1426 pulchrum,

615 1455 792 1547 quod
823 1455 904 1525 do
938 1467 1002 1527 et
1037 1457 1204 1524 mihi
1237 1464 1302 1525 et
1335 1455 1540 1536 vobis,
1582 1453 1944 1535 carissimi,
1984 1452 2318 1535 monachi,
2361 1452 2478 1547 qui
2514 1471 2763 1522 uxores

620 1586 755 1640 non
792 1569 1071 1654 ducitis,
1114 1569 1438 1662 virgines,
1480 1590 1632 1661 quae
1685 1568 1955 1639 innubae
2011 1568 2451 1661 permanetis,
2503 1586 2762 1657 vosque

619 1702 856 1758 omnes
918 1687 1035 1780 qui
1087 1685 1575 1757 continentiam
1636 1685 1930 1778 diligitis
1967 1682 2042 1781 (1)
2100 1710 2114 1755 ε
2166 1686 2452 1776 justum,
2508 1683 2766 1753 decens

617 1815 819 1896 atque
873 1786 1204 1875 'decorum
1264 1813 1368 1874 est
1425 1823 2007 1895 unumquemque,
2072 1803 2341 1873 etiamsi
2401 1801 2766 1887 afflictione

618 1932 986 2012 prematur,
1042 1920 1418 1991 solitarium
1481 1936 1775 1990 manere.
1835 1921 1933 1992 Eo
1997 1940 2283 2011 namque
2342 1917 2543 1989 modo
2603 1938 2768 1988 con-

619 2036 803 2106 venit
840 2035 1153 2127 singulos
1191 2035 1519 2119 habitare,
1560 2034 1647 2106 de
1683 2057 1819 2127 quo
1858 2035 2035 2127 apud
2069 2035 2429 2106 Jeremiam
2468 2032 2763 2125 prophe—

619 2154 759 2224 tam
783 2147 855 2249 (a)
899 2176 912 2220 :
961 2155 1206 2225 Beatus
1241 2154 1349 2220 vir
1381 2153 1500 2240 qui
1536 2153 1783 2241 jaqum
1821 2162 2014 2222 tuum
2048 2154 2123 2221 in
2154 2151 2603 2221 adolescentia
2634 2170 2766 2218 aua

613 2269 950 2359 portabit!
1007 2267 1266 2336 Sedebit
1311 2268 1665 2338 solitarius
1715 2277 1781 2337 et
1832 2268 2097 2350 tacebit,
2162 2269 2482 2356 quoniam
2518 2265 2767 2353 juyum

621 2396 814 2455 tuum
849 2385 921 2453 in
955 2405 1028 2453 se
1059 2387 1452 2473 susceperit.
1498 2384 1594 2452 Ita
1631 2382 1841 2473 igitur
1892 2382 2114 2465 decet,
2158 2380 2524 2463 carissimi,
2567 2379 2648 2451 ab
2684 2401 2767 2450 eo

620 2499 738 2594 qui
770 2497 1023 2568 Christi
1050 2498 1292 2590 jugum
1329 2508 1554 2589 portat
1588 2498 1719 2568 hoc
1755 2497 1825 2566 in
1861 2497 2155 2590 puritate
2192 2495 2474 2567 servari.
2526 2525 2561 2559 »

720 2613 891 2683 Dum
928 2612 1157 2704 itaque
1182 2611 1556 2703 Aphraates
1593 2612 1955 2683 consilium
1993 2612 2073 2682 ad
2112 2610 2480 2683 monachos
2510 2584 2786 2681 tantum>

621 2737 689 2800 et
725 2728 1074 2815 monialeS,
1133 2736 1203 2799 ut
1256 2747 1336 2798 ex
1392 2727 1536 2818 ejus
1589 2726 1819 2798 verbis
1871 2735 2079 2819 patet,
2139 2727 2499 2807 directum,
2554 2724 2634 2794 ad
2691 2745 2768 2795 se

622 2865 893 2937 quoque
940 2845 1309 2935 pertinere,
1363 2825 1635 2936 sibique
1689 2843 1852 2914 utile
1904 2863 2060 2913 esse
2096 2842 2405 2925 affirmat,
2465 2842 2767 2933 seipsum

623 2960 689 3029 in
730 2958 1210 3029 monachorum
1248 2979 1527 3029 censum
1563 2959 1923 3030 manifesto
1962 2959 2192 3028 refert.

720 3076 957 3166 Neque
992 3075 1248 3165 opponi
1282 3082 1548 3166 posset,
1582 3073 1664 3144 ad
1703 3073 1838 3144 vim
1874 3072 2255 3166 argumenti
2291 3070 2773 3143 destruendam

622 3198 736 3261 aut
772 3188 1188 3283 elevandam,
1230 3188 1592 3259 consilium
1649 3188 1841 3270 illud,
1875 3187 2065 3278 juxta
2101 3193 2483 3258 contextam
2520 3184 2773 3255 oratio·

624 3327 802 3388 nem,
842 3307 1063 3376 -etiam
1125 3289 1534 3397 conjugibus
1596 3304 1950 3386 destinari,
2018 3324 2333 3396 quorum,
2399 3301 2773 3394 superstite

624 3426 915 3512 utroque
977 3421 1564 3501 contrahentium,
1633 3419 1901 3489 firmum
1968 3428 2179 3490 staret
2241 3417 2766 3489 matrimonium.

534 3560 539 3565 ·
625 3541 791 3626 Qnae
826 3538 1006 3610 enim
1060 3538 1217 3609 loco
1269 3538 1476 3608 citato
1530 3536 1616 3607 de
1670 3538 1914 3611 marito
1965 3544 2032 3606 et
2084 3555 2296 3606 umore
2346 3533 2767 3613 inseruntur,

623 3650 1064 3748 intelligenda
1100 3663 1280 3731 sunt.
1323 3652 1477 3746 ip'so
1512 3652 1849 3744 Aphraate
1885 3662 2087 3734 teste,
2117 3651 2201 3721 de
2238 3648 2573 3741 ejusmodi
2607 3666 2769 3719 con-

606 3770 926 3863 jugibus
995 3770 1139 3861 qui,
1206 3777 1277 3839 ut
1339 3769 1408 3837 in
1470 3767 1790 3859 primaeva
1859 3765 2165 3838 Ecclesia
2222 3763 2479 3857 passim
2541 3763 2767 3845 fiebat,

691 4019 762 4079 (¹)
806 4045 820 4060 ·
858 4005 1133 4096 llo-augo
1165 4010 1369 4075 Q„
1421 3995 1663 4092 <Aah
1698 4031 1729 4062 α
1758 4014 1965 4077 Vosque
2009 4024 2193 4064 omnes
2236 4011 2333 4076 qui
2388 4005 2777 4062 continentiam

623 4101 873 4166 diliyitis.
895 4116 928 4146 >³
952 4103 1026 4152 De
1051 4094 1211 4165 hujus
1237 4098 1393 4151 incisi
1420 4110 1586 4150 sensu
1611 4094 1813 4149 videsis
1849 4108 1970 4160 quae
2008 4108 2153 4160 sup..
2192 4108 2245 4160 p.
2287 4096 2369 4155 ¹5,
2394 4091 2497 4145 sub
2535 4088 2780 4144 numeris

549 4224 552 4228 ι
620 4187 654 4239 3
677 4193 732 4238 et
755 4188 787 4236 4
807 4181 1130 4237 notavimus,

689 4270 762 4332 (Ξ)
799 4269 998 4320 Thren.
1029 4268 1121 4329 111,
1149 4267 1232 4330 2⁷,
1258 4267 1340 4318 28.

2899 4984 2914 5009 1
2959 4988 2982 5017 Ι·-
2997 4990 3050 5017 «ἐ.

2771 5040 2780 5043 -
2797 5012 3092 5043 Λὼῖῂῲ·
