3175 5084
1474 443 1928 509 --162-

643 650 856 726 agens
924 615 1163 703 contra
1229 629 1650 722 Gennadium
1678 686 1695 713 ,
1767 629 1884 723 qui
1956 627 2359 700 Nisibenum
2431 619 2858 703 Praesulem‘

647 750 923 842 Syriaco
959 746 1280 819 idiomate
1331 767 1529 819 usum
1561 765 1719 818 esse
1773 752 2158 816 asseruerat
2200 768 2215 816 :
2260 773 2296 810 α
2330 742 2419 816 At
2451 765 2612 818 vero
2649 765 2806 829 cum

647 865 863 958 ignoti
913 861 1231 934 omnibus
1284 861 1479 957 Syris
1531 860 1812 944 fuerint,
1871 880 2003 953 ego
2056 859 2288 952 potius
2342 860 2804 952 conjecturam

643 978 843 1062 facin,
912 977 1039 1049 hos
1096 979 1481 1061 Sermones,
1545 975 1664 1069 qui
1726 995 1907 1046 nunc
1969 974 2265 1067 primum
2326 974 2396 1045 in
2455 975 2807 1068 publicum

647 1100 918 1177 exeunt,
960 1112 1097 1163 non
1135 1092 1436 1185 Syriaca,
1480 1091 1606 1163 sed
1659 1089 1951 1162 Armena
2002 1089 2263 1183 lingua,
2312 1111 2445 1184 qua
2495 1091 2809 1163 utebatur

647 1210 715 1278 S.
763 1206 1164 1300 Gregorius,
1205 1205 1656 1277 Armenorum
1692 1205 2108 1298 EpiscopuS,
2148 1226 2186 1276 a
2222 1225 2359 1298 quo
2396 1206 2468 1278 S.
2503 1205 2808 1278 'Jacobus

651 1334 930 1418 rogatus
966 1321 1273 1414 scripsit,
1307 1322 1727 1414 compositos
1760 1321 2013 1404 fuisse;
2042 1321 2150 1392 vel
2178 1328 2390 1405 certe,
2426 1322 2487 1393 si
2516 1321 2809 1414 primum

651 1462 687 1510 a
731 1442 803 1510 S.
843 1438 1099 1511 Jacobo
1145 1439 1472 1532 Syrorum
1523 1438 1758 1533 lingua
1810 1437 2052 1531 scripti
2107 1437 2406 1523 fuerunt,
2465 1439 2813 1531 exemplar

651 1558 997 1650 Syriacum
1035 1555 1104 1625 in
1146 1553 1529 1626 Armeniam
1566 1556 1852 1627 missum
1908 1563 1975 1628 et
2029 1557 2099 1627 in
2154 1556 2405 1627 idioma
2440 1578 2578 1650 quo
2615 1557 2811 1651 regio

651 1670 763 1742 illa
815 1671 1127 1742 utebatur
1175 1690 1586 1751 versum,ac
1648 1670 2096 1764 divulgatum,
2155 1672 2670 1756 verosimiliter,
2736 1679 2814 1744 ut

651 1786 960 1858 accidere
987 1787 1192 1869 solet,
1225 1784 1657 1877 deperditum
1695 1805 1877 1857 esse.
1919 1814 1955 1850 »
1988 1788 2087 1858 Ita
2120 1785 2367 1858 doctus
2400 1785 2807 1871 Cardinalis,
2849 1822 2856 1830 -

651 1902 827 1974 inter
887 1901 1057 1974 duas
1119 1902 1536 1996 hypotheses
1597 1902 1879 1974 liberam
1944 1903 2147 1975 nobis
2200 1903 2605 1975 electionem
2660 1924 2816 1995 per·

647 2018 947 2088 mittens
994 2016 1240 2088 Verum
1295 2016 1671 2101 enimvero,
1738 2025 1811 2088 ut
1864 2038 2044 2088 nunc
2098 2017 2401 2089 omittam
2455 2025 2813 2110 utramque

651 2134 1042 2226 opinionem
1089 2132 1220 2204 hoc
1273 2133 1455 2203 inani
1492 2133 1931 2205 fundamento
1971 2133 2126 2218 niti,
2171 2134 2353 2226 quod
2388 2135 2694 2206 Homiliae
2727 2135 2814 2205 ad

651 2248 1057 2342 Gregorium
1085 2247 1618 2320 Illuminatorem
1644 2247 1963 2341 primitus
1994 2248 2285 2320 directae
2302 2248 2579 2333 fuerint,
2613 2270 2815 2342 quam

651 2364 892 2458 procul
938 2363 1131 2457 prior
1177 2385 1215 2434 a
1265 2385 1428 2436 vero
1476 2363 1687 2435 distet
1734 2372 1803 2435 et
1850 2384 1932 2435 ex
1986 2363 2072 2435 iis
2122 2385 2275 2457 quae
2321 2362 2580 2455 passim
2633 2363 2817 2436 dicta

647 2490 807 2550 sunt
857 2488 1152 2564 constat,
1194 2487 1263 2551 et
1306 2480 1560 2552 clarius
1614 2480 1835 2552 adhuc
1888 2488 2197 2573 patescet
2256 2501 2339 2552 ex
2392 2480 2817 2574 argumentis

651 2596 920 2668 invictis
958 2618 1111 2690 quae
1148 2596 1321 2668 infra
1356 2597 1440 2668 ad
1478 2596 1900 2688 probandam
1955 2603 2182 2668 textus
2236 2594 2495 2689 Syriaci
2533 2596 2817 2668 authen-

651 2710 807 2782 tiam
861 2731 1338 2804 congeremus
1403 2710 1602 2797 Quod
1653 2717 1876 2782 autem
1938 2709 2259 2782 subditur
2310 2701 2398 2781 de
2446 2710 2821 2803 archetypo

651 2846 803 2894 111011
865 2824 935 2894 in
999 2825 1299 2918 linguam
1359 2824 1794 2917 peregrinam
1857 2844 2194 2897 converso
2258 2833 2461 2917 atque
2528 2825 2820 2923 subinde

647 2942 944 3024 amiam,
1013 2960 1095 3010 an
1158 2946 1227 3011 et
1286 2960 1423 3033 quo
1484 2959 1696 3011 sensu
1754 2938 2022 3010 admitti
2078 2939 2311 3032 possit
2369 2939 2476 3012 vel
2543 2940 2815 3025 debeat,

651 3054 889 3122 lecturi
941 3074 1025 3125 ex
1076 3053 1163 3124 iis
1213 3075 1369 3146 quae
1420 3053 1781 3146 praemissa
1830 3054 2048 3126 fuere>
2082 3054 2549 3147 colligendum
2610 3054 2820 3126 relin-

651 3170 953 3262 quimus.

751 3286 900 3354 Non
963 3281 1319 3367 universas
1380 3284 1715 3374 Epistolas
1778 3283 2045 3378 syriace
2108 3291 2457 3356 exstantes
2518 3283 2826 3355 continet

655 3398 865 3470 editio
915 3398 1286 3483 Antonelli,
1330 3398 1452 3471 sed
1506 3407 1766 3470 tantum
1820 3419 2064 3471 novem
2114 3407 2183 3470 et
2232 3399 2471 3471 decem
2517 3396 2814 3492 priores.

655 3514 916 3582 Desunt
968 3512 1180 3606 igitur
1223 3515 1745 3585 Dissertationes
1799 3520 2148 3615 quatuor:
2191 3516 2287 3584 De
2336 3517 2827 3586 sustentatione

647 3648 1061 3718 pauperum3
1104 3668 1199 3680 —
1251 3630 1348 3698 De
1391 3631 1895 3718 per-secunaum
1945 3669 2031 3678 —
2069 3630 2165 3698 De
2214 3639 2424 3700 morte
2457 3639 2523 3700 et
2577 3638 2820 3719 tempo·

647 3746 843 3810 ribus
877 3744 1239 3829 extremis;
1291 3781 1374 3795 -·
1412 3744 1508 3813 De
1542 3744 1763 3814 acino.
1805 3743 1950 3813 Nec
1987 3742 2210 3836 quoad
2248 3741 2549 3835 reliquas
2584 3762 2827 3814 omnes

655 3878 732 3926 ea
771 3862 1034 3928 servata
1069 3864 1177 3928 est
1213 3855 1583 3949 dispositio
1639 3863 1870 3927 mutua
1923 3877 2123 3950 quam
2159 3863 2483 3928 statutam
2517 3857 2829 3930 voluerat

651 3982 888 4042 auctor
918 3997 933 4043 :
968 3974 1275 4045 Homiliae
1295 3974 1643 4046 XI—XIX
1672 3981 2101 4066 praepostero
2138 3972 2379 4045 ordine
2417 3981 2820 4060 occurrunt,

655 4108 1021 4180 earumque
1059 4088 1661 4161 transmutationes
1712 4087 1933 4159 oculis
1984 4086 2262 4179 subjicit
2300 4098 2600 4181 sequens
2637 4088 2825 4161 elen-

651 4202 823 4270 chus
869 4225 883 4270 :
2651 4197 2664 4208 χ

2659 5028 2665 5036 ‹
2739 5030 2769 5052 -,
2800 4999 3175 5053 εὲςὼξ
