3175 5084
1352 501 1433 512 —
1518 483 1643 531 vm
1725 502 1811 515 -
3139 444 3169 727 ]

485 673 691 725 causa
724 650 837 723 hic
878 649 1224 723 nominem
1267 674 1284 724 ε
1326 649 1645 735 alterum,
1686 650 1794 724 Ill.
1839 652 1924 725 D.
1983 650 2265 735 Beelen,
2323 650 2443 746 qui
2490 650 2666 723 viam
3167 738 3168 759 ἶ

486 783 754 877 primus
795 781 1315 868 demonstravit,
1361 781 1572 856 editis
1616 784 1797 855 binis
1830 785 1902 855 S.
1946 784 2310 856 Clementia
2338 784 2422 856 de
2454 785 2666 875 viryi-
3167 774 3168 781 '

486 918 707 986 nitate
739 915 1096 1006 Epistol&
1136 913 1452 999 alterum,
1493 913 1585 987 cl.
1619 915 1704 988 D.
1739 915 1977 1009 Lamy,
2009 914 2415 1009 magistrum
2444 934 2669 988 meum

490 1049 1088 1135 colendissimum,
1130 1048 1250 1144 qui
1288 1059 1364 1123 ut
1398 1071 1508 1124 me
1540 1049 1790 1143 primis
1844 1049 2051 1142 hujus
2098 1049 2490 1145 disciplinae
2538 1049 2675 1124 ele·

493 1182 747 1255 mentis
807 1181 1054 1254 sedulo
1114 1181 1477 1268 imbuerat,
1530 1182 1625 1256 ita
1680 1181 1999 1256 consiliis
2051 1190 2122 1256 et
2171 1203 2418 1277 magna
2469 1181 2674 1255 etiarn

493 1283 930 1406 suppeditata
980 1312 1921 1388 librorum'necessariorum
1974 1312 2177 1407 copia
2228 1311 2395 1384 mihi
2433 1312 2504 1384 in
2540 1312 2672 1386 hoc

496 1441 979 1536 qualicumque
1013 1440 1356 1536 opusculo
1392 1445 1734 1518 exarando
1771 1444 2073 1540 benigne
2108 1443 2352 1518 adfuit.

596 1574 687 1644 Ut
704 1581 928 1646 autem
949 1594 1033 1646 ex
1055 1573 1348 1668 ingenti,
1367 1596 1523 1668 quae
1543 1574 1884 1648 studiosis
1913 1574 2252 1669 suppetit,
2273 1594 2679 1648 monumen·
3049 1622 3056 1643 .

496 1714 726 1777 torum
763 1705 1200 1801 Syriacorum
1239 1705 1706 1793 multitudine,
1730 1708 2117 1799 Aphraatia
2141 1703 2682 1801 vitam‚0jusque

497 1839 782 1926 scripta,
843 1858 883 1909 a
933 1836 1025 1908 cl.
1069 1838 1152 1909 D.
1197 1837 1477 1932 Wright
1508 1846 1666 1912 ante
1717 1860 1982 1933 paucos
2034 1860 2255 1912 annos
2307 1838 2378 1910 in
2430 1838 2682 1933 vulgus

502 1970 791 2054 emissa,
857 1991 986 2063 pro
1057 1969 1338 2044 modulo
1398 1992 1553 2045 meo
1611 1971 2019 2045 illustranda
2088 1972 2546 2066 susciperem,
2612 1971 2685 2042 id

504 2100 887 2175 necessitas
923 2100 1172 2194 partim
1227 2100 1482 2187 effecit,
1522 2103 1775 2195 partim
1824 2113 2192 2198 perspecta
2242 2104 2343 2177 rei
2391 2101 2679 2175 utilitas.

505 2236 677 2307 Nam
714 2255 870 2308 cum
905 2234 1116 2307 variis
1151 2234 1239 2309 de
1273 2235 1532 2322 causis,
1565 2210 1740 2331 quas
1765 2237 1878 2309 hic
1913 2236 2172 2311 referre
2207 2235 2379 2309 nihil
2414 2233 2681 2318 attinet,

510 2386 649 2439 non
699 2365 940 2438 liceret
993 2364 1307 2459 publicas
1361 2365 1815 2440 bibliothecas
1864 2367 2082 2453 adire,
2138 2377 2214 2440 ut
2261 2366 2422 2440 inde
2474 2366 2689 2439 docu-

512 2504 815 2571 mentum
875 2496 1153 2591 aliquod
1213 2496 1436 2571 adhuc
1496 2486 1832 2572 ineditum
1888 2498 2366 2592 depromerem
2421 2506 2490 2571 et
2538 2497 2692 2590 ipse

512 2628 779 2721 primus
827 2628 1014 2722 typis
1061 2625 1478 2721 vulgandum
1521 2647 1860 2712 curarem,
1918 2627 2124 2700 simul
2182 2649 2347 2720 spes
2408 2647 2694 2700 succur-

515 2758 711 2832 rebat
752 2778 881 2831 nec
932 2777 1507 2851 supervacaneam
1542 2757 1694 2830 fore
1744 2778 1872 2830 nec
1906 2756 2077 2831 viris
2113 2756 2341 2830 doctis
2387 2756 2700 2848 injucun-

518 2890 674 2963 dam
717 2887 1277 2983 disquisitionem
1329 2888 1626 2982 aliquam
1679 2886 1750 2958 in
1801 2887 2214 2980 scriptorem
2263 2886 2483 2971 illum,
2544 2886 2692 2980 qui,

521 3042 930 3116 quamquam
988 3021 1075 3095 ad
1134 3029 1438 3094 nostram
1508 3040 1732 3114 usque
1789 3026 2058 3092 aetatem
2117 3019 2232 3092 vix
2285 3027 2493 3093 notus
2537 3019 2691 3102 fuit,

522 3155 768 3229 merito
837 3163 1063 3227 tamen
1130 3175 1171 3225 a
1236 3153 1354 3226 cll.
1419 3153 1566 3225 DD.
1622 3152 1900 3247 Wright
1959 3160 2031 3225 et
2089 3151 2356 3227 Bickell
2421 3152 2699 3225 Patrum
2813 3220 2818 3223 .

480 3362 499 3377 Ἠ
524 3283 840 3360 ecclesiae
875 3281 1174 3377 Syriacae
1208 3281 1735 3377 antiquissimus
1769 3280 2129 3355 salutatur.

627 3418 807 3507 Quid
858 3438 1049 3505 vero,
1097 3438 1185 3490 ne
1243 3437 1410 3512 spes
1465 3416 1583 3490 illa
1631 3417 1716 3490 ad
1771 3415 2042 3489 irritum
2094 3415 2400 3500 caderet,
2457 3414 2527 3486 in
2575 3414 2705 3487 hac

400 3614 405 3617 .
532 3573 682 3626 mea
740 3548 1216 3623 lucubratione
1273 3548 1746 3642 praestiterim,
1801 3558 1917 3621 aut
1968 3556 2158 3621 certe
2191 3555 2522 3641 praestare
2571 3544 2704 3619 sim

532 3693 849 3767 conatus,
880 3682 1035 3776 ipsa
1058 3680 1225 3754 libri
1243 3682 1354 3756 vel
1388 3681 1631 3754 saltem
1660 3679 1946 3753 indiculi
1982 3678 2326 3774 praemissi
2361 3677 2705 3772 inspectio

531 3812 877 3891 edocebit.
921 3812 1072 3885 Hoc
1106 3810 1425 3906 equidem
1462 3811 1794 3885 lectorem
1834 3810 1949 3885 hic
1996 3809 2331 3883 monitum
2365 3809 2570 3894 volo,-
2598 3828 2707 3881 me

533 3966 744 4041 quum
805 3942 877 4014 in
936 3941 1147 4015 variis
1197 3942 1660 4029 documentis,
1702 3950 1846 4014 tum
1898 3940 1969 4014 in
2022 3939 2370 4034 excerptis
2404 3938 2706 4011 auctoris

535 4082 671 4157 mei
707 4082 882 4156 bene
917 4078 1152 4153 multis
1186 4079 1395 4153 latine
1442 4077 1945 4152 transferendis
1998 4078 2090 4151 ita
2137 4082 2482 4151 versatum
2517 4093 2702 4155 esse,

472 4280 481 4288 ,
537 4222 614 4288 ut
656 4212 868 4285 fidum
912 4210 1252 4304 imprimis
1300 4231 1574 4305 agerem
1623 4209 2098 4304 interpretem,
2153 4206 2239 4279 de
2286 4202 2709 4300 elegantiore
