3175 5084
1265 532 1378 593 ···.
1429 497 1555 563 317
1643 536 1719 546 .-

426 685 802 761 Salvatoris
849 683 1098 769 nostri,
1149 704 1303 777 quae
1350 683 1556 756 scalae
1607 683 1826 756 instar
1885 693 2112 758 erecta
2170 683 2320 756 fuit.
2381 684 2599 760 Porro

426 799 797 875 summitati
842 799 1050 873 scalae
1098 799 1433 871 Dominus
1479 798 1934 884 innitebatur;
1992 820 2203 893 supra
2246 799 2596 872 Christum

426 917 608 989 enim
633 926 741 987 est
768 914 1100 1005 Dominus
1127 914 1458 998 omnium,
1491 914 1843 986 scribente
1872 915 2069 986 beato
2096 913 2433 1006 Apostolo
2463 911 2538 1011 (1)
2574 940 2590 988 ε

427 1032 649 1123 Caput
702 1032 958 1102 Christi
1018 1032 1197 1100 Deus
1252 1040 1378 1103 est.
1424 1026 1711 1102 Vocavit
1770 1031 2071 1102 Jacobus
2128 1031 2354 1101 locum
2409 1031 2600 1102 illum

428 1149 697 1232 Bethel‚
722 1147 953 1240 ibique
979 1145 1048 1216 in
1079 1146 1545 1218 testimonium
1577 1144 1794 1217 erexit
1820 1148 2204 1219 columnam
2234 1146 2595 1237 lapideam,

427 1266 537 1338 cui
575 1265 801 1336 oleum
839 1262 1110 1335 infudit.
1157 1264 1330 1332 Dum
1368 1268 1593 1333 autem
1631 1261 1896 1353 lapides
1931 1261 2259 1333 unctione
2292 1261 2596 1347 donavit,

429 1380 706 1474 aliquod
753 1379 1000 1450 iterum
1048 1377 1448 1471 mysterium
1499 1376 2063 1470 praesignificavit
2117 1385 2311 1469 pater
2365 1383 2604 1449 noster

426 1496 727 1568 Jacobus
771 1519 785 1566 :
829 1493 1128 1588 gentiles
1166 1493 1347 1563 enim
1380 1492 1500 1585 qui
1531 1492 1600 1562 in
1630 1492 1977 1564 Christum
2015 1493 2306 1564 credunt
2340 1514 2605 1585 ungun-
2655 1548 2662 1555 .

383 1621 566 1711 ‘tur,
628 1620 834 1705 prout
883 1611 969 1682 de
1021 1610 1108 1681 iis
1155 1609 1327 1680 dixit
1370 1610 1672 1680 loannes
1711 1606 1785 1701 (a)
1839 1632 1853 1678 ε
1904 1612 2010 1679 Em
2061 1609 2402 1698 lapidibus
2452 1611 2605 1679 istis

423 1738 641 1821 potest
691 1731 871 1799 Deus
926 1729 1265 1798 suscitare
1306 1726 1485 1815 filios
1524 1727 1843 1797 Abrahoe.
1890 1725 2124 1819 Itaque
2174 1727 2244 1796 in
2296 1727 2606 1799 oratione

428 1845 669 1917 Jacobi
713 1851 1328 1937 ,praemonstratum
1390 1850 1498 1914 est
1550 1843 1952 1936 mysterium
2004 1842 2386 1915 vocationis
2437 1864 2606 1937 gen·

429 1961 626 2033 tium.
705 1960 1064 2052 Perpende
1134 1959 1370 2051 igitur,
1447 1957 1832 2042 carissime,
1909 1968 2075 2052 quot
2145 1961 2469 2053 mysteria
2536 1961 2605 2031 in

433 2076 701 2148 visione
754 2097 888 2168 qua
933 2073 1221 2145 donatus
1285 2082 1392 2145 est
1446 2073 1746 2144 Iacobus
1807 2073 2164 2144 recondita
2218 2074 2383 2145 sint.
2427 2075 2611 2148 Vidit

435 2210 727 2285 namque
770 2190 1046 2282 januam
1095 2189 1282 2273 coeli,
1333 2210 1486 2282 quae
1534 2197 1645 2261 est
1695 2188 2050 2272 Christus;
2101 2188 2272 2261 vidit
2323 2191 2603 2275 scalam,

434 2307 664 2379 crucis
702 2306 1029 2401 figuram;
1065 2304 1357 2398 lapideS‚
1392 2313 1631 2399 typum
1667 2306 2003 2399 gentium,
2039 2306 2255 2390 unxit,
2289 2309 2611 2401 vovitque

435 2421 737 2494 decimas
798 2421 962 2493 Levi
1022 2420 1306 2504 dandas,
1374 2441 1528 2491 cum
1600 2419 1669 2490 in
1741 2421 1897 2512 ipso
1965 2423 2484 2494 continerentur
2542 2433 2612 2496 et

291 2624 300 2629 q
436 2537 853 2609 decimarum
907 2537 1301 2621 collatores,
1345 2545 1413 2607 et
1448 2536 1565 2629 qui
1615 2536 1957 2628 primitias
2001 2538 2350 2630 accepturi
2389 2546 2604 2611 erant.

436 2653 513 2724 In
578 2652 728 2743 ejus
792 2652 1045 2723 lumbis
1107 2661 1253 2723 erat
1314 2652 1579 2724 catulus
1642 2651 1867 2722 leonis
1924 2652 2164 2734 Iudas,
2221 2661 2289 2723 et
2350 2652 2418 2723 in
2481 2654 2612 2727 hoc

434 2768 938 2841 recondebatur
999 2789 1118 2839 rex
1181 2767 1496 2855 MessiaS‚
1562 2767 1682 2861 qui
1744 2769 2070 2839 unctione
2131 2767 2612 2861 praefiguratus

435 2883 586 2956 fuit.
632 2883 882 2955 Tribus
919 2904 1071 2976 quae
1109 2883 1179 2953 in
1218 2883 1372 2975 ipso
1418 2882 1721 2954 latebant
1766 2881 2070 2954 decimas
2118 2883 2378 2956 Levitis
2414 2904 2611 2956 vove·

436 3008 630 3082 runt;
690 3020 893 3093 reges
946 2998 1062 3091 qui
1121 2996 1372 3068 lumbis
1423 2997 1693 3069 inerant
1737 3018 1859 3069 cor
1909 2997 2056 3088 ejus
2104 3006 2494 3082 erexerunt,
2546 3008 2614 3070 et

438 3136 564 3208 per
598 3137 750 3187 eum
801 3123 1146 3187 scrutatus
1192 3121 1298 3185 est
1343 3113 1636 3205 spiritus
1683 3113 2170 3206 prophetarum
2219 3114 2493 3207 quinam
2531 3135 2613 3186 ex

441 3230 589 3325 ejus
627 3230 845 3323 stirpe
878 3229 1219 3322 prodituri
1257 3236 1517 3300 essent.
1563 3228 1737 3299 Dum
1771 3227 2138 3300 Jordanem
2177 3249 2332 3299 cum
2372 3228 2613 3300 baculo

442 3348 594 3420 solo
664 3346 958 3437 trajecit,
1034 3345 1419 3439 symbolum
1482 3344 1952 3416 admirandum
2025 3365 2224 3431 manu
2286 3346 2609 3438 gestavit,

443 3460 730 3555 figuram
784 3459 1053 3531 scilicet
1103 3459 1331 3530 crucis
1380 3459 1749 3550 Prophetae
1801 3458 2055 3550 magni.
2106 3456 2210 3529 Ad
2263 3459 2616 3552 regionem

443 3574 843 3647 orientalem
890 3570 1250 3666 profectus
1303 3579 1432 3654 est,
1474 3572 1637 3665 quia
1685 3593 1766 3644 ex
1817 3571 1943 3643 hac
1993 3571 2107 3643 lux
2155 3572 2433 3664 populis
2469 3583 2617 3645 orta

447 3697 579 3761 est.
634 3686 957 3761 Accessit
1002 3686 1085 3758 ad
1140 3695 1422 3779 puteum
1478 3683 1682 3780 cujus
1730 3706 1812 3758 os
1870 3685 2097 3778 lapide
2148 3686 2611 3772 claudebatur,

449 3825 651 3898 quem
690 3804 925 3896 plures
962 3802 1204 3874 tollere
1242 3821 1379 3873 non
1414 3800 1771 3903 valebant—3
1814 3800 2052 3893 plures
2090 3821 2382 3894 namque
2430 3812 2621 3873 erant

447 3928 792 4010 pastores,
833 3938 961 3990 nec
998 3916 1296 4010 lapidem
1335 3917 1604 3989 auferre
1639 3923 1708 3989 et
1757 3924 2037 4009 puteum
2074 3917 2343 4009 aperire
2376 3925 2620 4009 potue-

517 4182 589 4243 (ί)
628 4181 647 4231 Ι
674 4178 917 4232 Corinth.
946 4179 1035 4242 ΧΙ,
1057 4180 1110 4230 5.

518 4262 590 4324 (2)
627 4261 812 4314 matth.
842 4262 937 4324 ln,
957 4262 1010 4314 9.
