3175 5084
1283 476 1733 545 ...235-

424 677 699 762 tempus
731 674 1002 762 spectat
1036 665 1424 741 existentia
1449 674 1657 762 atque
1681 664 2301 741 consummationis
2326 664 2590 751 mundi,

426 785 547 879 qui
584 813 621 851 α
656 783 844 857 sicut
875 783 1054 855 intra
1086 804 1210 857 sex
1245 782 1401 857 dies
1434 804 1473 856 a
1506 785 1654 857 Deo
1688 791 1964 856 creatus
1996 780 2152 870 fuit,
2186 781 2305 866 ita,
2338 781 2601 876 elapsis

430 920 551 973 sex
584 919 920 972 annorum
956 898 1291 976 millibus.
1335 898 1541 971 finem
1577 897 1936 971 habiturus
1966 891 2061 970 sit
2091 892 2197 994 (1).
2238 923 2275 961 ι)

523 1013 630 1086 Ad
691 1015 869 1089 hanc
927 1035 1120 1088 suam
1180 1013 1582 1108 opinionem
1644 1011 2072 1097 firmandam,
2137 1032 2276 1085 non
2337 1018 2597 1083 tantum

428 1130 680 1225 allegat
762 1128 1148 1225 Aphraates
1230 1128 1816 1224 comparationem
1897 1149 2053 1201 cum
2134 1136 2445 1223 tempore
2511 1126 2598 1199 ad

431 1247 665 1320 mundi
725 1247 1158 1320 effectionem
1216 1246 1608 1341 insumpto,
1671 1266 1911 1319 verum
1970 1244 2176 1329 etiam
2237 1243 2597 1318 doctorum

428 1363 849 1437 anteriorum
899 1361 1380 1437 auctoritatem
1433 1372 1503 1435 et
1553 1363 1750 1456 plura
1804 1361 1876 1434 S.
1940 1360 2316 1456 Scripturae
2370 1360 2594 1444 effata,

432 1500 586 1576 quae
616 1502 658 1551 a
692 1499 854 1552 vera
906 1488 976 1552 et
1027 1477 1228 1552 obvia
1277 1478 1788 1574 significatione
1838 1477 2014 1550 miro
2065 1476 2361 1572 quodam
2395 1475 2601 1550 modo

432 1597 825 1692 detorquet.
871 1597 1039 1684 Quae
1091 1617 1169 1670 ea
1222 1596 1310 1669 de
1363 1618 1442 1670 re
1489 1596 1757 1692 profert
1809 1602 1974 1668 sunt
2022 1594 2415 1687 hujusmodi
2458 1593 2535 1692 (2)
2577 1617 2594 1666 ε
2672 1633 2679 1652 ·

436 1741 473 1780 «
504 1712 703 1798 Noli,·
732 1711 1121 1799 carissime,
1180 1711 1296 1786 illa
1351 1713 1668 1787 doctrina
1721 1711 2001 1800 offendi,
2038 1733 2240 1808 quam
2275 1710 2403 1785 tibi
2438 1733 2604 1806 pro·

433 1828 664 1922 posui,
706 1830 925 1901 Deum
977 1849 1224 1923 nempe
1275 1849 1404 1923 per
1455 1828 1811 1900 dimidiam
1864 1827 2005 1901 diei
2056 1835 2320 1922 partem
2356 1828 2602 1901 Hiero-

435 1943 720 2038 solymae
753 1943 1184 2038 pepercisse.
1229 1943 1344 2015 Sic
1397 1943 1578 2017 enim
1633 1942 1920 2036 scripsit
1967 1943 2183 2016 David
2233 1942 2302 2014 in
2339 1942 2604 2036 psalmo

437 2045 886 2153 nonagesimo
922 2054 998 2156 (a)
1039 2082 1054 2129 :
1098 2060 1286 2131 Mille
1317 2062 1488 2132 anni
1521 2069 1684 2133 ante
1716 2061 1941 2131 oeulos
1975 2060 2244 2132 Domini
2277 2069 2606 2151 tanquam

435 2178 581 2251 dies
614 2178 957 2261 hesterna,
998 2198 1152 2268 quce
1178 2180 1544 2268 praeteriit.
1586 2176 1889 2265 Tradunt
1937 2178 2223 2270 insuper
2257 2176 2605 2269 sapientes

437 2291 763 2365 doctores
818 2292 1039 2366 nostri
1078 2291 1430 2376 mundum,
1472 2291 2048 2386 quemadmodum
2083 2293 2262 2365 intra
2296 2314 2419 2366 sex
2454 2292 2606 2364 dies
2639 2329 2642 2331 v

436 2430 475 2480 a
509 2410 655 2481 Deo
690 2415 965 2481 creatus
1017 2408 1171 2492 suit,
1232 2408 1352 2491 ita,
1394 2407 1652 2502 elapsis
1706 2428 1826 2481 sex
1882 2429 2214 2482 annorum
2268 2408 2600 2492 millibus,

439 2523 646 2597 finem
679 2523 1095 2612 habiturum,
1137 2524 1577 2617 futurumque
1627 2531 1792 2597 tunc
1841 2525 1966 2597 Dei
2017 2524 2372 2597 sabbatum
2417 2524 2606 2598 illius

436 2639 704 2713 sabbati
742 2639 963 2712 instar
998 2637 1184 2733 quod
1220 2659 1343 2711 sex
1392 2638 1542 2711 dies
1579 2639 1952 2713 creationis
1987 2639 2284 2732 excepit.
2329 2639 2606 2712 Sabbati

438 2755 643 2829 istius
680 2755 1099 2829 mentionem
1134 2755 1326 2839 fecit,
1357 2756 1667 2849 illudque
1696 2756 1898 2829 nobis
1935 2755 2263 2830 indicavit
2299 2756 2611 2828 Salvator

436 2881 701 2956 noster,
741 2871 986 2944 dicens
1020 2866 1096 2969 (t)
1138 2895 1152 2941 ε
1201 2873 1407 2944 Orate
1455 2892 1542 2943 ne
1591 2872 1719 2960 fiat
1768 2870 1942 2967 fuya
1987 2882 2215 2945 vestra
2266 2873 2341 2943 in
2390 2872 2610 2943 hieme

436 2990 544 3061 vel
575 2989 874 3061 sabbato.
916 2985 1298 3080 Apostolus
1334 2987 1497 3060 item
1534 2997 1769 3061 monet
1795 2984 1870 3086 (5)
1903 3012 1919 3058 :
1953 2991 2083 3062 Nos
2117 2997 2348 3061 manet
2381 2987 2609 3059 adhuc

437 3106 793 3177 sabbatum
833 3105 951 3176 Dei
959 3160 974 3176 .
1015 3105 1306 3176 Strenue
1354 3105 1571 3195 igitur
1615 3105 2099 3178 contendamus
2130 3104 2486 3196 pervenire
2517 3102 2610 3175 ad

440 3222 743 3311 requiem
775 3216 953 3315 ejus.
994 3246 1031 3284 2>

541 3337 748 3407 Istam
775 3333 1169 3429 ·Aphraatis
1221 3336 1659 3428 sententiam,
1702 3357 1932 3430 quam,
1974 3337 2215 3409 saltem
2267 3335 2331 3408 si
2368 3335 2610 3409 stricte

441 3451 867 3544 accipiantur
916 3470 1037 3523 sex
1088 3449 1302 3522 millia
1352 3471 1711 3535 annorum,
1755 3472 1954 3525 nemo
1991 3452 2221 3524 forsan
2267 3451 2608 3544 interpre-

442 3575 586 3642 tum
622 3576 736 3641 aut
773 3567 1251 3660 theologorum
1287 3567 1466 3640 tueri
1504 3567 1712 3643 hodie
1745 3577 2223 3662 praesumeret,
2256 3568 2395 3642 imo
2422 3588 2603 3663 quae,

511 3852 585 3915 (¹)
622 3848 728 3905 Ctr.
752 3847 1003 3918 Wright„
1028 3861 1085 3917 p.
1123 3831 1267 3895 α-δ.
1306 3869 1323 3886 ·

510 3966 584 4030 (2)
619 3965 780 4031 ibid„
804 3979 896 4033 pp.
934 3952 1079 4013 οὲ
1110 3971 1167 4021 et
1195 3952 1337 4037 μδ
1375 3989 1392 4008 ·
1431 3960 1648 4029 Syriaca
1672 3958 1957 4029 aphraatis
1993 3961 2159 4018 verba
2188 3958 2452 4029 Georgius
2477 3970 2606 4027 gen·

447 4049 585 4106 tium
606 4048 860 4116 Epistotoe
879 4062 995 4104 suae
1017 4048 1268 4112 inseruit,
1290 4060 1439 4115 sup..
1464 4056 1587 4113 pag.
1615 4044 1701 4100 ³6.

510 4135 587 4200 (a)
620 4135 683 4187 ιη
708 4130 964 4202 runata,
990 4131 1086 4187 ps.
1113 4130 1370 4193 mxxix,
1393 4130 1448 4181 4.

513 4216 591 4281 (4)
625 4217 775 4270 Hau.
798 4215 971 4279 xxm
994 4214 1079 4269 2⁰.

514 4301 589 4364 (Β)
624 4297 786 4352 Hebr.
813 4298 896 4361 W,
919 4296 972 4362 9,
1000 4298 1081 4350 ss.
