3175 5084
1583 492 2038 561 ...356-

1761 761 1871 827 ΙΙΙ.

823 985 895 1057 Si
956 983 1042 1057 de
1103 984 1540 1057 revelationis
1601 983 1850 1055 divinae
1906 984 2085 1056 facto
2149 983 2560 1078 inquirendo
2620 994 2897 1079 agatur,

717 1120 1079 1194 perperam
1116 1099 1456 1193 exigereS‚
1498 1098 1899 1193 priusquam
1935 1098 2103 1170 illud
2139 1098 2484 1184 admittaS‚
2525 1098 2897 1194 positivam

722 1214 1053 1286 doctrinae
1081 1214 1457 1307 propositae
1486 1234 1645 1285 cum
1671 1213 1934 1285 ratione
1960 1212 2531 1287 conformitatem.
2570 1213 2899 1301 Quamvis

721 1337 946 1402 autem
981 1330 1207 1423 possit
1242 1326 1619 1401 intrinseca
1644 1329 1975 1401 doctrinae
2010 1330 2404 1422 praestantia
2427 1330 2705 1423 aliquod
2736 1351 2899 1403 esse

724 1444 1200 1517 credibilitatis
1247 1443 1600 1528 motivum,
1644 1444 1803 1516 huic
1853 1450 2077 1516 tamen
2128 1444 2405 1517 criterio
2452 1466 2590 1518 non
2626 1452 2787 1517 sunt
2825 1445 2902 1516 in

719 1559 1072 1650 probanda
1107 1558 1521 1631 revelatione
1554 1559 1793 1652 primae
1829 1568 2060 1653 partes
2096 1559 2509 1633 deferendae.

1753 1876 1858 1941 lv,

820 2105 976 2178 Alia
1045 2103 1225 2174 enim
1253 2159 1270 2187 ‚
1347 2101 1596 2174 divinae
1669 2101 2069 2174 revelationi
2139 2103 2529 2174 asserendae
2602 2103 2897 2177 maxime

721 2224 1204 2301 consentanea,
1259 2215 1732 2309 suppeditavit
1780 2215 1964 2287 Deus
2000 2222 2424 2309 argumenta,
2469 2245 2505 2282 «
2541 2217 2715 2290 facta
2752 2220 2897 2290 sci-

719 2337 883 2409 licet
916 2333 1167 2415 divina,
1206 2339 1409 2425 atque
1444 2330 1782 2424 imprimis
1819 2331 2144 2403 miracula
2179 2339 2245 2401 et
2278 2332 2703 2424 prophetiam,
2737 2354 2899 2426 quae

650 2482 662 2495 ¹
722 2472 876 2524 cum
905 2448 1029 2522 Dei
1064 2445 1624 2541 omnipotentiam
1657 2455 1725 2518 et
1755 2444 2087 2516 infinitam
2119 2442 2482 2518 scientiam
2509 2447 2902 2519 luculenter

722 2570 1286 2645 commonstrent,
1329 2560 1577 2633 divinae
1615 2560 2052 2632 revelationis
2081 2559 2278 2654 signa
2307 2568 2468 2633 sunt
2503 2561 2901 2634 certissima

722 2690 790 2754 et
824 2679 1125 2753 omnium
1163 2676 1638 2771 intelligentiae
1674 2673 2304 2773 accommodatam.
2348 2705 2384 2742 »

1748 2990 1822 3055 V.

814 3211 1214 3284 Miraculum
1254 3211 1535 3303 proprie
1576 3210 1833 3283 dictum
1872 3219 1980 3283 est
2014 3211 2299 3284 effectus
2353 3212 2579 3306 aliqua
2628 3213 2897 3287 ratione

716 3327 1097 3412 sensibiliS‚
1140 3327 1258 3420 qui
1295 3327 1634 3422 contingit
1669 3335 1921 3422 praeter
1976 3327 2288 3401 ordinem
2337 3329 2784 3403 constitutum
2819 3338 2895 3402 et

717 3466 924 3536 supra
958 3443 1142 3516 vires
1180 3449 1438 3515 naturae
1474 3464 1740 3515 omnes.
1784 3444 1879 3515 Ea
1923 3451 2149 3515 tamen
2205 3463 2438 3536 opera,
2481 3465 2634 3537 quae
2684 3464 2894 3538 ange·

717 3557 939 3630 lorum
1006 3559 1191 3632 vires
1261 3579 1397 3630 non
1469 3566 1823 3652 superant,
1897 3577 2187 3651 quaeque
2257 3565 2511 3651 praeter
2579 3558 2892 3631 ordinem

717 3679 1122 3747 consuetum
1169 3680 1430 3745 naturae
1483 3672 1812 3758 visibilis,
1858 3674 2000 3746 Deo
2053 3672 2447 3766 specialiter
2480 3673 2894 3767 disponente

715 3790 823 3865 vel
842 3789 1154 3883 jubente,
1189 3796 1570 3884 patrantur,
1606 3790 1931 3863 miracula
1967 3790 2169 3862 etiam
2206 3798 2503 3883 possunt
2528 3790 2891 3884 solentque

710 3906 969 3991 vocari,
1011 3913 1079 3978 et
1124 3913 1445 3998 tanquam
1497 3906 1773 3978 criteria
1827 3905 2077 3978 divinae
2134 3906 2571 3981 revelationis
2623 3906 2895 3999 optimo

703 4022 861 4116 jure
893 4021 1326 4095 adhibentur.

780 4267 854 4332 (t)
891 4269 1054 4323 conc.
1081 4269 1198 4322 vat.
1229 4270 1416 4323 const.
1444 4265 1626 4337 dogm.
1656 4266 1751 4322 Dei
1774 4267 1965 4334 Filius,
1992 4280 2112 4336 cap.
2140 4268 2238 4321 ΙΙΙ.
