3175 5084
1648 7 1658 19 ἱ
2515 19 2540 22 .-

2509 25 2519 32 .

1476 35 1518 64 θ’
2142 41 2153 47 “
2342 60 2347 63 .
2466 37 2562 61 ’”ι

1457 99 1476 109 ἱ
2898 101 2939 120 ⁴h
2999 122 3003 124 λ

2683 151 2700 160 μ
3002 135 3011 141 ,

1538 481 1983 547 „192-

684 669 998 741 dissussa
1031 667 1420 761 rejectaque
1472 665 1722 753 firmet,
1765 666 1998 740 subdit
2030 666 2437 743 Antonellus
2474 668 2555 766 (1)
2588 670 2677 744 de
2712 672 2848 743 dif-

684 785 980 857 ficultate
1038 784 1242 857 alium
1309 784 1702 858 inveniendi
1762 785 2171 879 scriptorem
2234 786 2413 858 inter
2473 785 2841 873 ArmenOS,

680 905 788 973 nui
864 933 896 965 u:
944 905 1086 974 haec
1163 922 1371 994 opera
1448 901 1787 995 assignari
1868 901 2094 995 aliqua
2160 902 2758 975 verisimilitudine
2803 933 2840 969 >2

680 1029 952 1109 queant,
992 1018 1106 1090 vix
1141 1038 1318 1110 opus
1352 1027 1460 1089 est
1492 1024 1565 1089 ut
1600 1016 1881 1089 verbum
1920 1038 2360 1112 reponamus,
2406 1020 2479 1089 ln
2516 1027 2840 1112 promptu

676 1133 860 1205 snim
912 1132 1120 1205 habes
1170 1132 1695 1224 responsionem
1745 1156 1762 1200 t
1811 1140 2156 1205 auctorem
2213 1135 2418 1205 talem
2472 1154 2608 1205 non
2660 1133 2843 1206 inter

676 1249 1034 1335 Armeno&
1095 1247 1217 1320 sed
1281 1248 1458 1319 inter
1517 1248 1732 1341 Syros
1791 1249 2234 1340 quaerendum
2297 1270 2492 1334 esse,
2568 1250 2706 1321 imo
2770 1258 2843 1322 et

676 1357 1186 1457 rspsriendum
1237 1364 1378 1436 illis
1412 1364 1637 1436 solum
1674 1365 2143 1438 translationis
2181 1367 2508 1459 honorem
2546 1365 2837 1439 concedi

676 1505 904 1573 posse.

772 1601 912 1669 Nes
960 1596 1177 1690 magis
1226 1594 1500 1689 proficit
1550 1594 1774 1668 editor
1819 1596 2193 1682 Romanus,
2236 1597 2397 1668 dum
2449 1618 2532 1670 ex
2571 1597 2836 1671 Latinis

672 1725 736 1785 st
788 1713 1045 1785 Graecis
1092 1712 1409 1784 Patribus
1463 1712 1814 1804 opinionis
1862 1734 2006 1785 suae
2058 1722 2388 1806 patronos
2443 1714 2711 1786 invocat
2757 1710 2836 1811 (a)

672 1829 1090 1901 Gennadium
1136 1828 1662 1913 Massiliensem,
1717 1827 1911 1919 cujus
1959 1828 2423 1899 testimonium
2472 1851 2682 1922 supra
2725 1850 2836 1901 re-

668 1949 1023 2017 citavimus
1057 1940 1156 2041 (3),
1201 1945 1273 2015 S.
1315 1942 1756 2016 Athanasium
1803 1953 1871 2015 et
1919 1952 2264 2016 auctorem
2302 1943 2460 2014 libri
2499 1946 2590 2016 De
2620 1948 2836 2017 eccle-

668 2065 967 2133 siasticis
1002 2061 1443 2150 doqmatibus.

768 2181 864 2249 ΒΕ
904 2176 1251 2249 Gennadio
1288 2183 1357 2247 et
1390 2175 1526 2247 fide
1562 2196 1765 2268 quam
1802 2174 1937 2246 sibi
1974 2174 2100 2246 hac
2137 2175 2207 2247 in
2236 2197 2310 2247 re
2337 2176 2492 2267 jure
2530 2176 2836 2249 vindicet

652 2293 792 2385 jam
848 2293 992 2365 haec
1043 2294 1299 2365 saeculo
1348 2292 1529 2363 XVII
1568 2292 1840 2364 notabat
1894 2291 2262 2364 Garnerius
2299 2288 2372 2389 (4)
2414 2316 2429 2364 ε
2493 2320 2528 2357 «
2573 2292 2834 2365 Obser-

664 2409 981 2493 vandum,
1040 2408 1124 2480 de
1172 2408 1484 2479 doctrina
1531 2407 1867 2500 librisque
1912 2407 2148 2479 Jacobi
2196 2408 2510 2480 Nisibeni
2567 2409 2737 2480 nihil
2795 2431 2838 2481 a

664 2525 1093 2597 Theodoram
1130 2525 1463 2617 scriptum
1499 2544 1683 2606 esse,
1727 2544 1879 2595 cum
1918 2532 2141 2595 tamen
2179 2523 2261 2595 ad
2299 2525 2834 2599 commendatio·

660 2665 816 2713 nem
876 2643 1241 2733 plurimum
1297 2642 1587 2724 faceret;
1657 2641 1826 2711 nihil
1886 2642 1970 2712 ab
2031 2642 2477 2735 Hieronymo,
2544 2642 2690 2715 sive
2757 2642 2832 2714 in

664 2761 1008 2843 Chronico,
1051 2759 1195 2830 sive
1233 2758 1301 2829 in
1344 2759 1659 2848 Gataloqo
1708 2759 2118 2848 scriptorum
2166 2738 2859 2846 ecclesiasticorum(

660 2877 828 2945 nihil
876 2875 1127 2969 pariter
1175 2874 1257 2946 ab
1309 2875 1730 2960 Ebed-Jesu,
1773 2874 2106 2969 diligente
2154 2875 2573 2968 caeteroquin
2613 2876 2828 2947 libro·
3142 2908 3143 2949 l

660 3013 804 3061 rum
848 2993 1169 3085 Syrorum
1206 2990 1652 3083 inquisitore;
1695 2988 1865 3059 nihil
1900 2987 1984 3059 ab
2022 2990 2162 3060 ullo
2197 2998 2531 3075 veterum,
2572 2999 2830 3083 praeter
3044 3084 3049 3087 ¹
3139 3019 3141 3054 ι

660 3125 864 3173 unum
900 3105 1347 3189 Gennadium,
1408 3104 1526 3197 qui
1576 3103 1820 3197 viginti
1870 3111 2159 3197 quatuor
2208 3104 2425 3177 libros
2477 3113 2818 3178 recenset.

656 3221 900 3293 Verum
948 3222 1279 3294 Gennadii
1330 3223 1701 3294 auctoritas
1758 3244 1895 3296 non
1949 3223 2216 3295 videtur
2263 3223 2430 3294 mihi
2484 3232 2694 3307 tanta,
2745 3233 2823 3294 ut

652 3357 920 3409 nmnsm
981 3338 1377 3430 scrupulum
1441 3337 1712 3408 evellat.
1782 3337 1976 3409 Unde
2046 3337 2226 3409 enim
2291 3336 2479 3410 nov'it
2543 3337 2822 3430 Syriaca

652 3477 884 3545 spera,
928 3454 1045 3545 qui
1092 3454 1203 3523 vix
1258 3452 1445 3524 novit
1498 3451 1774 3524 Graeca?
1816 3452 2010 3523 Unde
2062 3452 2197 3535 scit
2245 3453 2343 3546 ab,
2389 3450 2817 3547 Hieronymo

652 3569 995 3657 prastsrita
1037 3575 1401 3661 propterea
1451 3567 1637 3659 quod
1690 3568 1988 3639 nondum
2042 3567 2111 3638 in
2160 3567 2467 3662 linguam
2513 3567 2818 3641 Graecam

652 3705 844 3753 versa
884 3691 1115 3757 sssent
1151 3705 1278 3756 nec
1329 3683 1788 3777 Hieronymus
1840 3683 2260 3778 intelligeret
2312 3685 2532 3757 adbuc
2585 3685 2815 3778 Syria-

648 3821 792 3869 sam
832 3800 1175 3893 linguam?
1209 3797 1312 3869 An
1347 3819 1680 3872 conversa
1714 3797 1988 3871 fuerunt
2023 3808 2264 3891 postea
2290 3801 2453 3873 etin
2481 3799 2811 3887 Graecam,

712 4049 784 4109 [1)
824 4045 924 4109 ομ.
948 4044 1063 4110 cit„
1088 4043 1298 4111 praerat.
1327 4058 1381 4111 p.
1409 4046 1460 4097 Ξ.

708 4129 784 4193 ti)
820 4125 979 4193 thid„
1003 4141 1096 4194 pp.
1123 4128 1235 4181 2-6.

708 4213 780 4273 {5}
820 4213 944 4277 pag.
971 4209 1087 4263 us.

708 4295 780 4357 [at]
820 4297 912 4361 sp.
944 4293 1308 4359 automatum,
1332 4307 1417 4359 op.
1444 4297 1493 4347 et
1514 4294 1614 4347 loc.
1641 4293 1754 4348 citt.
