3175 5084
1475 487 1921 554 -216-

611 683 977 776 progenie,
1052 703 1206 774 quae
1275 679 1822 752 benedictionem
1893 701 1931 750 a
1997 680 2277 752 Noacho
2342 687 2768 773 perceperat.

611 799 879 871 Idcirco
913 795 1214 879 Amalec,
1256 796 1439 868 filius
1481 796 1764 890 Eliphaz
1815 804 1884 867 et
1932 795 2133 867 Esavi
2172 816 2417 889 nepos,
2457 803 2532 867 ut
2568 797 2773 868 male-

610 914 952 986 dictiones
977 911 1237 984 Noachi
1264 919 1333 983 et
1354 912 1568 984 Isaaci
1610 901 2128 984 benedictiones
2158 910 2386 992 irritas
2423 909 2765 996 redderet,

608 1028 846 1103 Jacobi
881 1034 1202 1120 posteros
1236 1026 1445 1098 armis
1480 1047 1857 1121 aggressus
1894 1033 2024 1098 est.
2069 1026 2237 1098 Tum
2275 1029 2460 1099 Deus
2504 1043 2769 1120 aequam

611 1147 787 1217 banc
811 1143 897 1216 de
931 1142 1206 1215 Amalec
1241 1142 1648 1215 sententiam
1685 1142 1867 1226 tulit,
1902 1149 1978 1214 ut
2013 1163 2049 1213 a
2080 1142 2243 1214 filiis
2279 1143 2596 1215 Rachelis
2623 1143 2775 1235 ejus

610 1260 935 1334 memoria
970 1259 1336 1332 deleretur.
1379 1259 1463 1329 Et
1499 1259 1725 1352 reipsa
1763 1258 2012 1330 bellum
2050 1266 2288 1329 contra
2339 1279 2492 1330 eum
2541 1278 2776 1352 gesse·

595 1386 769 1450 ,runt
804 1376 1097 1471 primum
1131 1378 1369 1460 Josue,
1412 1375 1594 1446 Nuni
1630 1375 1841 1459 filius,
1886 1395 1966 1447 ex
2001 1375 2186 1447 tribu
2218 1376 2504 1470 Josephi
2541 1376 2772 1447 oriun-

609 1494 768 1577 duS‚
818 1493 974 1563 dein
1027 1493 1210 1572 Saul,
1267 1491 1383 1584 qui
1435 1512 1472 1562 a
1523 1491 1917 1582 Benjamino
1964 1511 2187 1584 genus
2242 1491 2566 1573 ducebat;
2625 1489 2773 1582 ejus

608 1629 771 1682 vero
809 1607 1133 1702 reliquias
1159 1607 1630 1679 Mardochaeus
1650 1606 1913 1699 jejunio
1940 1628 2067 1679 suo
2097 1607 2423 1699 perdidit.
2459 1608 2584 1691 lta,
2616 1606 2773 1700 quia
2816 1707 2819 1710 Ι

607 1747 752 1821 prae
802 1725 1119 1798 omnibus
1161 1723 1315 1795 aliis
1366 1724 1566 1796 Esavi
1618 1723 1919 1815 posteris
1969 1724 2249 1796 Amalec
2316 1723 2478 1796 filiis
2534 1723 2773 1796 Jacobi

612 1840 861 1913 bellum
896 1840 1154 1910 illatum
1190 1837 1430 1922 voluit,
1471 1838 1622 1930 ipsa
1658 1838 1805 1930 ejus
1845 1839 2168 1911 memoria
2205 1839 2428 1912 deleta
2462 1848 2592 1911 est.

710 1959 807 2028 Ex
842 1957 1036 2029 hisce
1086 1955 1282 2027 vides
1333 1956 1677 2049 quomodo
1717 1975 1841 2048 per
1892 1955 2302 2028 Mardochaei
2348 1964 2416 2028 et
2463 1957 2775 2031 Estheris

601 2073 935 2165 jejunium
974 2070 1184 2142 Aman
1223 2090 1261 2141 e
1296 2069 1632 2163 dignitate
1669 2091 1791 2141 sua
1828 2069 2225 2143 deturbatus
2262 2069 2353 2142 sit
2388 2079 2457 2142 et
2507 2070 2772 2144 Amale—

612 2190 897 2261 citarum
950 2186 1258 2279 reliquiae
1316 2185 1473 2257 neci
1526 2185 1817 2268 traditae,
1883 2184 2312 2257 Mardochaeo
2367 2194 2773 2278 potestatem

610 2303 888 2377 Amanis
947 2302 1349 2394 accipiente,
1409 2302 1502 2371 ita
1556 2309 1630 2372 ut
1694 2302 1759 2370 in
1826 2301 2149 2372 universo
2211 2299 2494 2374 Assueri
2558 2325 2774 2397 regno

612 2419 979 2515 plurimum
1031 2417 1348 2510 polleret.
1416 2418 1667 2489 Esther
1736 2425 1958 2488 autem
2020 2417 2258 2510 regina
2323 2419 2477 2491 loco
2537 2421 2772 2493 Vasthi

612 2537 986 2611 constituta
1023 2543 1189 2606 erat.
1234 2562 1270 2599 »
1555 2613 1570 2627 α

714 2654 796 2724 Et
829 2653 975 2723 haec
1008 2651 1285 2744 quidem
1339 2651 1627 2743 Sapiens
1681 2653 1915 2723 Persa.
1977 2653 2166 2738 Quae,
2212 2652 2525 2744 quamvis,
2571 2654 2775 2744 paulo

611 2770 949 2864 longiora,
1003 2767 1270 2861 integra
1320 2766 1563 2840 afferre
1614 2789 1845 2860 operae
1899 2767 2192 2861 pretium
2241 2768 2462 2840 visum
2516 2776 2647 2852 est,
2701 2777 2776 2839 ut

612 2886 856 2958 melius
892 2891 1113 2978 pateat
1150 2903 1349 2982 quam
1399 2904 1635 2954 verum
1689 2884 1781 2955 sit
1832 2883 2014 2977 quod
2070 2883 2267 2957 initio
2320 2885 2765 2962 asseruimus,

611 3009 955 3073 auctorem
1027 3018 1554 3090 nonnunquam,
1632 2998 1917 3092 perinde
1977 3020 2059 3071 ac
2129 2999 2189 3070 si
2261 3021 2398 3093 quo
2465 3000 2775 3071 intendat

608 3117 864 3189 oblitus
916 3121 1128 3197 esset,
1187 3134 1311 3204 per
1364 3114 1616 3185 multos
1669 3114 1963 3185 ambitus
2014 3114 2274 3208 vagari,
2317 3114 2445 3186 alia
2500 3136 2581 3187 ex
2617 3115 2772 3187 aliis

608 3229 1010 3302 diverticula
1045 3227 1239 3321 quasi
1271 3230 1620 3320 aucupari,
1656 3230 2032 3302 orationem
2064 3252 2255 3302 suam
2293 3230 2515 3303 inutili
2546 3251 2770 3303 rerum

601 3347 1103 3438 verborumque
1138 3343 1337 3435 copia
1363 3344 1728 3438 aliquando
1764 3367 2048 3418 onerare
2077 3355 2146 3417 et
2172 3346 2523 3439 implicare
2553 3346 2771 3440 magis

604 3483 806 3557 quam
854 3482 1136 3544 ornare,
1193 3461 1447 3545 donec,
1504 3463 1716 3534 veluti
1765 3463 1849 3534 ad
1899 3484 1976 3536 se
2026 3484 2346 3536 reversus
2396 3471 2464 3535 et
2513 3484 2773 3535 memor

604 3578 831 3650 subito
858 3577 1037 3650 unde
1074 3575 1421 3649 scribendi
1462 3577 1728 3649 initium
1766 3579 2030 3663 feccrit,
2066 3581 2420 3661 lectorem,
2452 3578 2771 3672 plurimis

604 3693 954 3768 erroribus
991 3692 1256 3765 devium
1313 3712 1391 3764 ac
1443 3693 1828 3788 fatigatum,
1870 3694 1951 3767 ad
2009 3695 2441 3789 propositum
2497 3694 2767 3767 tandem

606 3810 911 3883 reducat.

2608 5029 2625 5040 ⁶·
2686 4997 3113 5049 .rn.‘.¹L.ff..—*-u.-J
