3175 5084
379 720 414 737 s

1446 472 1897 538 ...326-

593 665 740 738 suis
775 664 992 737 oravit
1024 673 1094 736 et
1130 663 1570 757 supplicavit,
1610 669 1684 736 ut
1735 663 2003 736 scilicet
2056 662 2401 758 Babylone
2452 670 2753 734 reverte-

590 791 850 855 rentur.
917 781 1156 853 Daniel
1226 780 1407 853 enim
1471 780 1577 852 vir
1645 778 1975 865 desiderii
2043 786 2213 864 crat,
2280 779 2394 850 cui
2461 778 2758 851 revelata

590 897 858 970 fuerant
902 896 1225 991 mysteria
1280 906 1348 969 et
1402 897 1521 991 qui
1575 917 1690 970 res
1738 896 1923 969 circa
1967 895 2173 969 finem
2222 894 2484 967 futuras
2541 890 2779 966 mani-'

592 1012 887 1084 festavit.
966 1013 1300 1099 Quoniam
1371 1013 1522 1105 ipsc
1587 1013 1926 1106 propheta
1993 1019 2139 1084 erat
2172 1067 2189 1095 ‚
2268 1011 2755 1104 prophetarum

592 1129 892 1201 oraculis
952 1137 1139 1201 recte
1202 1150 1372 1201 usus
1442 1138 1571 1202 est.
1642 1129 1814 1200 Nam
1881 1149 2020 1221 quo
2087 1135 2399 1221 tempore
2458 1127 2754 1220 populus

590 1245 983 1317 Judaeorum
1036 1245 1104 1316 in
1156 1245 1546 1338 captivitate
1597 1244 2013 1338 Babylonica
2061 1244 2378 1338 degebat.
2437 1263 2753 1315 surrexe·

590 1369 751 1430 runt
801 1360 980 1431 inter
1032 1380 1154 1432 eos
1201 1360 1851 1454 pseudoprophetae,
1902 1359 2020 1453 qui
2067 1358 2235 1432 falsa
2285 1359 2388 1432 sic
2437 1379 2753 1452 praenun-

591 1474 850 1545 tiabant
882 1473 960 1568 (1)
994 1501 1013 1546 .·
1043 1476 1199 1546 Hoec
1231 1476 1413 1548 dixit
1446 1478 1772 1549 Dominus
1813 1500 1828 1545 :
1872 1477 2031 1546 Post
2065 1476 2232 1547 duos
2267 1497 2480 1548 annos
2501 1477 2757 1567 juqum

589 1593 1276 1679 Nabuchodonosoris‚
1317 1596 1498 1684 regis
1540 1594 1929 1684 Babylonis,
1971 1594 2134 1663 collo
2184 1595 2484 1663 omnium
2536 1594 2756 1663 natio-

590 1730 756 1778 num
790 1711 1163 1779 excutiam.
1201 1709 1413 1794 Quam
1450 1708 2202 1801 pseudoprophetarum
2240 1707 2756 1800 praedictionem

591 1843 745 1893 cum
802 1822 1202 1895 rescivisset
1243 1824 1612 1909 Jeremias‚
1670 1824 2029 1917 epistolam
2090 1825 2374 1917 scripsit
2434 1822 2756 1916 misitque

595 1938 1036 2031 Babylonem.
1071 1940 1309 2021 Nolite,
1349 1938 1570 2010 aiebat
1599 1934 1701 2034 (a),
1734 1940 1978 2012 audire
2003 1941 2370 2031 prophetas
2404 1939 2756 2009 mendaces

591 2059 711 2145 qui
748 2059 927 2126 inter
960 2076 1074 2126 vos
1108 2065 1621 2140 conversantur,
1663 2075 1906 2146 vosque
1956 2056 2047 2126 ad
2089 2054 2564 2143 confidentiam
2603 2056 2759 2125 hor-

562 2182 860 2253 tantur,
893 2172 1188 2242 dicentes
1230 2195 1244 2241 :
1287 2174 1446 2243 Post
1479 2172 1649 2243 duos
1685 2192 1897 2242 annos
1923 2173 2258 2263 Babylone
2292 2172 2746 2242 revertemini.

591 2288 748 2356 Haec
796 2298 1033 2357 contra
1073 2289 1386 2377 praecipit
1438 2289 1758 2358 Dominus
1800 2311 1814 2357 :
1858 2290 2094 2359 Domos
2140 2286 2496 2374 aedificate,
2544 2287 2757 2359 domi-

593 2405 828 2472 cilium
897 2405 1317 2485 constituite,
1383 2404 1698 2492 plantate
1768 2403 1991 2473 hortos
2058 2413 2122 2473 et
2189 2400 2462 2496 fructus
2527 2421 2758 2472 eorum

595 2518 955 2603 comedite;
995 2520 1323 2589 assumite
1358 2538 1604 2589 uxores
1637 2518 1807 2606 filiis
1842 2520 2108 2599 vestris,
2148 2527 2539 2608 vestrasque
2571 2516 2757 2605 silias

593 2635 750 2704 date
799 2636 872 2703 in
934 2636 1467 2718 matrimonium,
1523 2637 1844 2724 quoniam
1904 2637 2040 2704 nisi
2099 2636 2267 2705 anni
2324 2629 2761 2723 septuaqinta

593 2752 929 2840 Babylone
973 2754 1310 2823 transacti
1355 2742 1645 2839 fue-rint,
1685 2773 1773 2823 esc
1825 2754 1960 2823 loco
2011 2756 2138 2823 isto
2189 2774 2321 2824 non
2372 2753 2749 2823 discedatis.

597 2865 835 2935 Daniel
883 2874 1132 2946 autem,
1187 2867 1303 2960 qui
1356 2867 1614 2960 Spiritu
1669 2869 1915 2960 plenus
1981 2877 2161 2949 erat,
2213 2867 2473 2938 sciebat
2529 2887 2758 2939 veram

596 3001 754 3052 esse
798 2982 1115 3052 Jeremiae
1163 2983 1620 3075 prophetiam.
1668 2984 1889 3069 Quare
1927 2984 2183 3075 elapsis
2232 2984 2428 3054 annis
2483 2990 2759 3075 septua-

593 3096 808 3189 ginta,
831 3117 1077 3187 preces
1105 3098 1786 3191 supplicationesque
1816 3100 1958 3171 Deo
1985 3099 2312 3171 obtulit.»
2337 3140 2425 3150 -
2449 3099 2758 3170 Recitato

596 3212 865 3303 integro
915 3212 1139 3304 capite
1188 3214 1280 3281 IX
1331 3213 1661 3294 Danielis,
1724 3235 1859 3306 quo
1916 3222 1984 3286 et
2032 3215 2386 3307 prophetae
2437 3215 2656 3287 oratio
2691 3223 2759 3286 et

587 3325 915 3398 revelatio
954 3325 1088 3419 ipsi
1126 3346 1250 3418 per
1283 3328 1603 3420 angelum
1656 3327 1901 3399 tradita
1945 3339 2367 3417 enarrantur,
2407 3329 2500 3399 ita
2532 3329 2761 3421 pergit

591 3440 973 3532 Aphraates
1033 3440 1108 3539 (3)
1175 3468 1191 3513 :
1263 3472 1300 3507 «
1355 3444 1799 3537 Septuaginta
1859 3445 2320 3517 hebdomades
2380 3445 2538 3515 anni
2599 3452 2760 3516 sunt

591 3558 963 3650 nonaginta
1035 3581 1243 3652 supra
1313 3561 1885 3654 quadringentOS,
1953 3562 2069 3654 qui
2137 3584 2175 3632 a
2247 3570 2554 3653 tempore
2621 3580 2757 3654 quo

594 3674 832 3751 Daniel
867 3674 1084 3746 oravit
1119 3696 1341 3768 usque
1394 3676 1478 3746 ad
1531 3675 1833 3748 ultimam
1888 3677 2384 3769 Hierosolymae
2438 3675 2760 3748 vastatio·

592 3810 746 3860 nem
785 3789 1001 3882 elapsi
1040 3801 1200 3861 sunt
1243 3814 1257 3861 ε
1301 3791 1547 3864 exinde
1584 3791 1767 3863 enim
1820 3791 1967 3862 suis
2022 3791 2269 3863 incolis
2315 3791 2555 3864 civitas
2593 3793 2761 3864 orba

488 4064 491 4069 ’
543 4080 547 4085 ·
660 4068 729 4127 (ι)
766 4067 962 4116 serem.
991 4065 1212 4128 xxviii,
1233 4054 1322 4116 Π.

661 4154 738 4214 (2)
773 4152 908 4204 lbid.
936 4153 1105 4215 XXIX,
1130 4153 1182 4216 8,
1204 4152 1255 4213 5,
1281 4152 1333 4215 6,
1361 4153 1439 4204 ¹8.

661 4253 733 4315 (ὃ)
770 4250 1020 4317 Wright„
1048 4265 1099 4316 p.
1142 4255 1287 4323 lm
1321 4264 1475 4317 seqq.
