3175 5084
1215 494 1664 564 ...195-

339 706 428 758 ac
494 685 595 755 illi
656 685 963 757 sentiunt
1012 709 1025 756 :
1085 684 1172 762 si,
1231 684 1531 776 inquam,
1592 685 1691 754 illi
1753 685 1861 755 his
1921 693 2156 756 essent
2213 681 2504 772 similes,

337 801 584 872 nullus
644 800 952 893 profecto
1023 801 1089 870 in
1153 800 1423 871 illorum
1485 800 1767 892 scriptis
1836 804 2023 871 esset
2090 798 2511 893 suspicionis

338 916 548 988 locus
589 940 606 985 t
651 916 942 1007 simplex
980 915 1159 987 enim
1211 935 1289 985 ac
1340 915 1705 986 candidum
1741 921 1848 986 est
1881 915 2182 987 virorum
2234 923 2511 1008 aposto-

339 1033 641 1105 licorum
680 1033 1057 1127 ingenium.
1101 1061 1136 1098 »

453 1152 823 1242 Hucusque
859 1151 973 1220 illa
1009 1150 1360 1221 Athanasii
1398 1150 1626 1234 verba,
1663 1172 1816 1242 quae
1852 1172 1979 1243 pro
2015 1172 2137 1223 sua
2171 1150 2511 1222 sententia

338 1268 598 1360 allegat
633 1266 1061 1337 Antonellus.
1101 1267 1346 1352 Quaero
1383 1274 1609 1337 utrum
1646 1287 1727 1337 ex
1765 1268 1852 1337 iis
1887 1267 2290 1339 conficiatur
2323 1266 2508 1359 quod

343 1380 649 1451 intendit
680 1382 786 1452 vir
837 1380 1191 1451 eruditus?
1243 1381 1313 1451 Si
1366 1373 1683 1451 ad'mittas
1733 1379 1937 1477 (quod
1992 1402 2124 1476 ego
2173 1403 2308 1454 non
2363 1381 2513 1452 infi-

341 1497 538 1590 tior),
581 1517 733 1568 eum
771 1497 887 1589 qui
923 1499 1233 1579 JacobuS,
1269 1498 1456 1568 nullo
1492 1498 1625 1568 alio
1666 1498 1936 1568 nomine
1972 1497 2265 1589 adjecto,
2307 1519 2514 1590 supra

342 1619 659 1696 vocatur,
703 1632 858 1683 esse
911 1613 1328 1704 Episcopum
1374 1612 1805 1682 Nisibenum.
1849 1634 2007 1683 num
2062 1613 2290 1683 statim
2345 1614 2513 1684 infe-

349 1731 681 1813 rendum,
738 1730 919 1800 hunc
974 1729 1267 1822 aliquam
1321 1729 1406 1798 de
1457 1728 1767 1800 doctrina
1818 1729 2149 1801 catholica
2202 1730 2515 1801 lucubra-

349 1846 615 1917 tionem
675 1845 1018 1925 edidisse,
1088 1864 1208 1915 seu
1275 1872 1310 1907 «
1345 1843 1626 1935 scriptis
1689 1844 1834 1914 suis
1898 1844 2274 1915 Ecclesiam
2332 1845 2519 1916 ilius·

353 1961 691 2033 travisse?
725 1990 759 2025 »
797 1961 885 2031 At
921 1961 1104 2053 quis,
1149 1960 1280 2031 nisi
1337 1970 1812 2052 praeconcepta
1861 1960 2186 2052 opinione
2240 1962 2512 2045 ductus,

353 2079 467 2149 vel
505 2077 735 2169 potius
772 2086 1177 2159 excaecatus,
1224 2077 1385 2146 illud
1440 2097 1735 2168 unquam
1790 2077 2164 2168 putaverit?
2200 2078 2272 2146 ld
2311 2099 2518 2148 unum

358 2214 442 2264 ex
507 2193 707 2263 allato
777 2193 1171 2263 testimonio
1235 2193 1380 2263 erui
1443 2202 1709 2284 potest,
1792 2194 1968 2264 inter
2038 2192 2225 2265 viros
2295 2195 2522 2265 ortho-

358 2309 559 2380 doxae
614 2308 773 2380 fidei
826 2308 1138 2379 addictos
1199 2312 1403 2402 vulgo
1466 2318 1856 2382 numeratos
1916 2308 2132 2380 fuisse
2190 2309 2519 2381 Jacobum

360 2424 769 2496 Nisibenam
806 2433 874 2496 et
926 2425 1266 2495 Praesules
1316 2446 1554 2495 omnes
1608 2425 1723 2516 qui
1777 2446 1927 2495 cum
1984 2446 2066 2497 eo
2119 2425 2230 2496 hic
2283 2446 2519 2497 recen-

364 2550 637 2623 sentur;
668 2541 850 2623 ideo,
874 2541 934 2611 si
972 2562 1123 2634 quae
1152 2561 1360 2632 opera
1385 2541 1853 2633 vulgavissent
1888 2542 1993 2613 vel
2029 2548 2264 2612 essent
2287 2543 2521 2635 vulga·

364 2656 527 2737 turi,
569 2656 740 2739 haec,
784 2656 913 2726 etsi
953 2677 1073 2747 per
1109 2677 1184 2726 se
1222 2676 1354 2726 non
1410 2657 1612 2727 unius
1661 2657 1891 2727 forsan
1928 2677 2175 2727 sensus
2221 2658 2519 2749 capacia,

366 2772 549 2844 omni
587 2772 982 2864 suspicione
1010 2772 1353 2843 haereseos
1390 2772 1766 2843 eximenda.
1806 2773 2076 2854 Paucis,
2109 2771 2529 2863 hypothetice

366 2888 451 2958 de
498 2889 771 2959 Patrum
822 2898 1502 2960 commemoratorum
1553 2891 1828 2978 scriptis
1878 2887 2179 2980 loquitur
2233 2887 2526 2960 Athana-

369 3003 540 3085 siuS‚
584 3003 842 3095 aliquid
878 3023 1039 3074 vero
1077 3002 1463 3094 hujusmodi
1498 3004 1730 3094 reipsa
1757 3003 2051 3073 existere
2087 3023 2214 3074 nec
2243 3003 2529 3075 affirmat

369 3139 496 3189 nec
534 3127 739 3211 negat
782 3142 796 3187 :
842 3118 909 3187 id
947 3140 1154 3211 quum
1208 3120 1461 3212 legenti
1498 3127 1709 3211 patet.
1753 3128 1893 3189 tum
1930 3138 2011 3188 ex
2048 3139 2131 3190 eo
2166 3118 2525 3191 confirma·

368 3243 478 3306 tur
548 3236 731 3328 quod
791 3237 1045 3307 Jacobo
1109 3237 1343 3307 eadem
1405 3237 1735 3308 orationis
1795 3236 2011 3307 forma
2074 3235 2530 3330 adjungantur

369 3347 952 3443 Episcopimulti,
997 3374 1033 3422 a
1070 3352 1318 3444 quibus
1372 3352 1619 3423 librum
1673 3351 2032 3444 quemdam
2077 3352 2183 3423 vel
2221 3352 2525 3423 libellum

372 3475 712 3537 exaratum
749 3488 904 3538 esse
941 3488 1140 3538 nemo
1178 3467 1441 3559 uspiam
1478 3466 1715 3538 audiit.

471 3582 666 3669 Quod
703 3591 967 3675 spectat
1001 3584 1083 3653 ad
1120 3605 1526 3676 anonymum
1565 3583 1755 3653 illum
1793 3582 1911 3675 qui
1945 3591 2301 3654 tractatum
2339 3583 2528 3654 dedit

374 3702 465 3770 De
498 3701 973 3769 ecclesiasticis
1026 3700 1469 3787 doqvnatz’bzcs,
1537 3697 1735 3769 facile
1786 3697 2189 3787 putaverim.
2234 3719 2386 3769 eum
2441 3699 2527 3769 de
2583 3791 2589 3797 δ

373 3814 679 3883 Homiliis
717 3812 972 3883 nostris
1009 3813 1380 3905 cogitasse,
1417 3813 1576 3882 dum
1608 3813 1752 3883 haec
1777 3811 2116 3905 proferret
2157 3836 2171 3881 :
2220 3840 2255 3876 ε(
2292 3813 2528 3904 Neque

375 3928 543 3999 duas
579 3928 836 3997 animas
872 3948 1027 3998 esse
1065 3927 1358 3998 dicimus
1396 3929 1462 3997 in
1501 3949 1635 3998 uno
1675 3928 1974 4011 homine,
2016 3927 2196 3999 sicut
2229 3928 2526 4022 Jacobus

377 4051 442 4113 et
478 4045 591 4114 alii
627 4045 951 4136 Syrorum
988 4044 1321 4126 scribunt,
1369 4065 1568 4115 unam
1605 4044 1987 4127 animalem„
2028 4065 2162 4136 qua
2196 4043 2530 4114 animetur

378 4181 628 4251 corpus
666 4169 733 4230 et
770 4160 1069 4231 immixta
1113 4161 1204 4231 sit
1236 4160 1579 4254 sanguini,
1624 4169 1691 4231 et
1744 4161 2018 4231 alteram
2071 4159 2523 4251 spiritualem,

380 4296 530 4367 quae
566 4275 893 4347 rationem
932 4275 1293 4346 ministret.
1340 4304 1373 4338 »
1415 4276 1547 4346 Sed
1604 4282 1675 4345 ut
1727 4274 2140 4347 concedatur
2180 4276 2383 4349 verba
2420 4276 2532 4347 illa
