3175 5084
1553 488 2000 555 ...198-

691 683 829 755 bat.
876 683 1279 775 Hujusmodi
1316 694 1475 754 sunt
1518 682 1801 754 Iudaica
1853 683 2256 774 superstitio
2306 693 2374 754 et
2415 682 2848 754 Iudaicarum

692 800 1195 871 solemnitatum
1232 800 1646 881 observatio,
1692 797 1972 892 magicae
2009 808 2217 881 arte5‚
2259 798 2596 870 diabolica
2632 820 2849 890 praes-

686 916 881 1008 tigia,
933 916 1436 1009 astrologorum
1487 914 1753 999 deliria,
1808 915 2253 986 contubernia
2304 915 2642 1008 virginum
2694 936 2851 986 cum

688 1031 961 1104 clericis
1022 1040 1093 1105 et
1153 1032 1430 1115 ascetis,
1499 1040 1567 1102 et
1629 1031 1738 1102 his
1799 1030 2071 1101 similia.
2144 1031 2406 1117 Quibus
2467 1033 2663 1123 plura
2722 1032 2850 1102 alia

688 1150 938 1222 addere
1000 1150 1185 1234 licet,
1253 1171 1405 1242 quae
1465 1149 1548 1220 ad
1598 1169 1825 1221 mores
1875 1159 1943 1220 et
1990 1149 2164 1219 ritus
2215 1148 2850 1241 antiquissimorum

689 1265 1018 1338 Ecclesiae
1054 1274 1436 1359 temporum
1491 1272 1806 1356 spectant
1816 1319 1997 1335 ......
2042 1265 2331 1355 Insuper
2368 1263 2645 1357 adjungi
2684 1286 2847 1356 pos-

688 1389 843 1452 sent
874 1383 1271 1452 Sermonum
1305 1389 1729 1473 argumenta‚
1765 1400 2053 1473 quorum
2091 1379 2577 1471 plurimasunt
2611 1390 2852 1451 contra

684 1497 990 1580 Judaeos,
1043 1497 1172 1567 alia
1231 1495 1473 1587 primis
1525 1495 1857 1567 Ecclesiae
1919 1495 2196 1565 saeculis
2256 1515 2333 1565 ac
2390 1494 2851 1586 scriptoribus

688 1622 1077 1706 congruunt
1085 1669 1234 1685 .....
1293 1613 1652 1684 Postremo
1705 1612 1882 1683 haud
1935 1612 2212 1683 omnino
2263 1611 2539 1683 silentio
2600 1619 2847 1703 praete-

690 1730 946 1800 reunda
980 1737 1088 1800 est
1122 1728 1295 1799 ratio
1322 1748 1401 1799 ac
1428 1728 1672 1798 modus
1710 1728 2095 1819 exponendi
2132 1727 2464 1799 catholica
2499 1727 2843 1818 dogmata,

687 1845 992 1937 apprime
1028 1843 1443 1916 conveniens
1478 1842 1736 1914 Jacobo
1790 1842 2123 1913 Nisibeno
2161 1851 2229 1914 et
2265 1863 2654 1914 consonans
2693 1863 2848 1914 cum

686 1963 1063 2055 primorum
1098 1962 1371 2031 Patrum
1426 1959 1706 2051 scriptis
1742 1979 1820 2029 ac
1856 1959 2216 2031 doctrinis.
2263 1961 2315 2029 E
2350 1959 2626 2032 diverso
2666 1961 2851 2030 nulla

685 2078 951 2168 uspiam
1014 2075 1267 2147 mentio
1324 2075 1409 2145 de
1473 2074 1777 2144 moribus
1834 2094 1912 2144 ac
1974 2075 2220 2145 ritibus
2290 2075 2579 2167 aliisque
2639 2075 2850 2145 rebus

683 2194 1143 2287 posteriorum
1178 2201 1561 2284 temporum
1604 2186 1703 2286 (1).
1747 2219 1781 2253 n
1822 2190 2041 2283 Atque
2079 2192 2224 2262 haec
2260 2192 2690 2262 AntonelluS.

789 2309 922 2380 Sed
984 2309 1160 2380 enim
1221 2308 1739 2400 haudquaquam
1789 2307 1947 2378 talia
2002 2319 2161 2379 sunt
2216 2311 2361 2379 haec
2421 2320 2844 2402 argumenta,

685 2436 758 2497 ut
818 2445 943 2496 nos
1004 2422 1210 2495 docto
1273 2421 1614 2493 Cardinali
1671 2423 2062 2493 consentire
2132 2432 2405 2516 cogant.
2477 2425 2557 2493 Et
2620 2426 2848 2518 primo

685 2540 987 2635 quidem,
1023 2560 1175 2609 cum
1211 2537 1350 2609 sint
1387 2558 1578 2616 mere
1597 2540 1937 2626 neqativa,
1970 2559 2093 2609 seu
2122 2540 2250 2611 hoc
2287 2562 2492 2612 unum
2519 2542 2839 2633 probent,

686 2656 853 2726 nihil
917 2657 985 2723 in
1044 2654 1496 2725 Humiliarum
1554 2652 1862 2734 materia,
1932 2653 1997 2721 in
2062 2653 2375 2725 doctrina
2433 2656 2706 2739 tradita,
2779 2658 2842 2726 in

685 2768 1033 2842 scribendi
1069 2787 1349 2861 genere,
1392 2775 1560 2849 etc„
1606 2766 1880 2838 obstare
1912 2769 2279 2860 quominus
2324 2770 2459 2841 illae
2496 2769 2845 2864 Episcopo

685 2883 1460 2966 Nisibenotribuantur,
1486 2883 1676 2973 juxta
1713 2904 1895 2954 sanae
1932 2884 2177 2976 logicae
2213 2885 2432 2978 legeS‚
2475 2890 2844 2978 praevalere

684 3022 1027 3095 nunquam
1082 3007 1405 3092 poterunt
1454 2999 1834 3070 rationibus
1878 3002 2187 3088 positivis
2234 3002 2438 3073 simul
2484 3023 2563 3072 ac
2599 3005 2835 3084 certis,

684 3140 852 3213 quas
892 3116 1235 3209 Sapientis
1273 3116 1502 3185 Persae
1536 3114 1809 3204 juribus
1862 3115 2272 3207 patrocinari
2313 3116 2377 3186 in
2417 3119 2840 3211 paragrapho

684 3234 991 3326 proxime
1026 3241 1430 3323 antegresso
1466 3230 2108 3301 demonstravimus.

780 3352 1091 3440 Insuper,
1136 3347 1402 3419 etiamsi
1439 3347 1564 3417 tibi
1617 3346 1948 3428 dederim,
1991 3368 2148 3418 vera
2198 3368 2352 3419 esse
2410 3351 2635 3422 omnia
2688 3374 2839 3444 quae

680 3469 748 3536 in
796 3466 934 3536 illis
986 3465 1092 3536 vel
1142 3470 1649 3554 supponuntur.
1705 3463 1813 3533 vel
1867 3473 2289 3548 asseruntur,
2344 3465 2509 3556 quid
2563 3467 2831 3548 exinde,

677 3603 939 3675 quaes0,
982 3579 1356 3650 conficies?
1401 3617 1483 3630 -——
1523 3578 1712 3648 Nihil
1749 3579 2098 3666 conficies,
2143 3580 2448 3672 nihilque
2484 3582 2635 3673 ipse
2672 3604 2834 3654 con-

678 3700 823 3770 ficit
869 3698 1301 3779 AntonelluS‚
1361 3696 1494 3767 nisi
1548 3696 1999 3768 Homiliarum
2054 3697 2458 3788 scriptorem
2511 3699 2843 3790 antiquis·

681 3817 925 3887 simum
977 3834 1135 3884 esse
1186 3821 1254 3883 et
1303 3812 1486 3882 circa
1535 3810 1801 3882 initium
1850 3812 2086 3881 saeculi
2123 3812 2208 3884 IV
2243 3811 2522 3884 vixisse.
2566 3813 2653 3885 At
2692 3815 2833 3886 haec

681 3938 865 4013 nota,
909 3950 1110 4022 quam
1153 3928 1386 4021 utique
1424 3927 1684 3998 lubenti
1720 3926 1944 3997 animo
1980 3927 2423 4010 admittimuS‚
2467 3949 2603 3999 non
2637 3929 2829 4000 Jaco-

678 4047 834 4118 bum
873 4047 1191 4139 Magnum
1228 4043 1446 4137 magis
1497 4064 1697 4135 quam
1752 4042 2158 4136 Aphraatem
2207 4042 2549 4137 indigitat.
2593 4046 2674 4116 Et
2723 4044 2830 4117 hic

742 4297 811 4359 (1)
845 4294 944 4359 op.
973 4292 1086 4357 cit.‚
1110 4291 1261 4359 praef.
1288 4306 1380 4359 pp.
1412 4294 1473 4346 ¹5
1489 4297 1543 4345 et
1567 4294 1648 4346 ¹6.

2690 5023 2709 5044 ι’
2796 5047 2807 5050 Α
2816 5027 2847 5050 .·.,-
2860 5047 2867 5050 .
2876 5001 3055 5050 ..En-¹⁴.-
